3142 4809
442 319 480 382 8

618 497 906 555 Venimus
957 513 1120 554 nunc
1183 495 1259 553 ad
1320 493 1747 556 columbanum
1815 499 1879 555 et
1946 496 2401 557 declamatorem
2463 496 2685 559 Salma-

443 599 675 658 sianum
737 599 946 656 mirum
1013 601 1304 673 quantum
1370 615 1501 657 cum
1573 599 1902 659 Tiberiano
1976 599 2377 660 concinentes.
2485 601 2686 678 Atque

442 699 698 777 primum
754 699 994 775 quidem
1042 698 1344 770 omnibus,
1399 718 1557 775 quae
1617 701 1678 758 in
1738 700 1830 760 his
1874 699 2232 761 carminibus
2274 702 2485 762 similia
2525 703 2686 762 inve·

446 802 695 861 niuntur
739 800 1024 878 conlatis,
1070 818 1460 878 quaeremus,
1504 805 1701 861 utrum
1750 820 1823 861 ex
1869 801 1984 861 illis
2030 802 2468 882 Columbanus,
2526 808 2689 865 certe

446 904 704 965 omnium
739 903 1200 979 recentissimus,
1230 907 1471 962 secutus
1502 905 1596 980 sit,
1626 886 1845 962 deind'e
1876 903 1952 962 de
1992 903 2390 965 declamatore
2426 923 2690 984 agemus,

446 1005 706 1082 denique
751 1003 896 1081 quid
941 1003 1083 1064 inde
1129 1004 1330 1081 colligi
1375 1006 1566 1081 possit
1610 1003 1960 1065 videbimus.

615 1105 1036 1169 Similitudines
1091 1107 1274 1182 igitur
1328 1111 1389 1167 et
1446 1124 1645 1167 rerum
1706 1110 1767 1166 et
1824 1107 2172 1185 verborum,
2242 1127 2391 1185 quas
2434 1111 2690 1189 repperi,

444 1212 504 1270 in
549 1209 810 1269 tabulam
855 1207 1086 1269 referre
1131 1207 1271 1267 mihi
1315 1209 1523 1269 liceat:

468 1336 568 1391 Vs.
652 1337 1088 1393 ·Columbanus:
1179 1320 1187 1424 Ι
1228 1336 1329 1392 Vs.
1472 1336 1832 1392 Tiberianus:
1947 1321 1954 1423 Ι
1996 1336 2094 1392 Vs.
2228 1338 2603 1394 Declamatorz

447 1428 463 1434 -
1260 1469 1292 1525 1
1342 1465 1589 1536 Aurum,
1635 1464 1795 1540 quod
1842 1465 1924 1524 ni·
1982 1468 2101 1526 207
2150 1465 2396 1537 Aurum,
2422 1465 2582 1542 quod
2601 1468 2688 1526 ni-

1342 1585 1435 1644 gn
2150 1568 2277 1645 gris

452 1672 527 1729 71
576 1685 669 1742 ep.
713 1665 790 1725 ad
823 1664 1008 1726 seth:
1061 1667 1161 1725 Di·
1257 1674 1293 1731 3
1340 1669 1590 1746 Aurum,
1633 1685 1753 1744 quo
1792 1685 1925 1744 pre·
1982 1671 2101 1731 201
2150 1670 2688 1731 AuroemiturPlu-

578 1767 797 1827 vitibus
820 1768 974 1843 nigri
1003 1785 1160 1828 rese·
1340 1770 1422 1830 tio
1468 1773 1818 1831 reserantur
1859 1771 1921 1829 li·
2061 1763 2068 1769 ’
2149 1777 2253 1831 ton
2272 1817 2289 1850 ,
2358 1773 2686 1848 Phlegeton

579 1872 791 1929 rantur
831 1869 1036 1929 limina
1342 1872 1499 1931 mina
1542 1873 1714 1943 Ditis,
2148 1873 2592 1934 transcenditur

576 1972 748 2031 Ditis.
2148 1993 2313 2036 auro.

451 2079 530 2136 76
576 2092 668 2151 ep.
692 2072 772 2133 ad
802 2072 1041 2135 Fedol.:
1084 2076 1163 2134 Et

574 2174 833 2237 reserari
912 2177 1158 2236 Munere

577 2281 742 2337 certo
816 2278 1008 2355 Nigra
1074 2276 1158 2339 fe·
1881 2256 1952 2358 Ι

575 2384 795 2440 runtur
838 2381 1072 2441 Limina
1946 2381 2018 2544 Ι

577 2481 745 2542 Ditis.
1948 2552 1953 2626 Ι

1947 2633 1953 2779 Ι

451 2588 526 2645 61
562 2583 640 2644 ad
659 2583 892 2645 Fedol.:
913 2586 1160 2645 Femina
1256 2590 1293 2648 5
1339 2586 1592 2664 Aurum,
1630 2585 1793 2663 quod
1824 2604 1952 2686 pe·
1985 2590 2104 2648 197
2150 2588 2317 2646 Haec
2349 2584 2541 2654 (fulva
2572 2603 2686 2643 me-

576 2704 757 2764 saepe
818 2686 1025 2746 Perdit
1082 2686 1157 2746 ob
1343 2691 1544 2748 netrat
1630 2689 1952 2749 thalamos
2149 2687 2426 2747 tallorum
2467 2688 2688 2756 rabies)

575 2806 785 2863 aurum
833 2788 1018 2848 Casta.
1051 2807 1157 2865 pu·
1339 2791 1679 2868 rumpitque
1734 2788 1922 2866 pudo·
2149 2796 2347 2850 castos
2391 2788 2598 2849 vendit

578 2891 800 2950 dorem.
1343 2910 1485 2963 rem,
2148 2891 2459 2951 thalamos.

1257 2999 1293 3055 6
1340 2994 1476 3067 Qua
1501 2993 1719 3053 ductus
1743 3011 1952 3069 saepet
1985 2998 2105 3055 196
2152 2994 2318 3052 Haec
2359 2992 2591 3070 proelia

1336 3095 1641 3156 inlecebra
1745 3094 1924 3155 micat
2146 3096 2367 3155 miscet.

1339 3199 1557 3275 impius
1604 3199 1777 3270 ensis,

1181 3314 1186 3390 Ι
1263 3305 1297 3361 7
1344 3300 1413 3359 In
1473 3303 1762 3376 gremium
1807 3303 1926 3360 Da·
1983 3303 2107 3361 200
2151 3299 2360 3357 Danae
2425 3314 2685 3355 corrum-

451 3402 531 3459 64
576 3399 713 3478 Non
782 3400 950 3458 Jovis
1022 3401 1186 3467 aurit
1341 3419 1486 3461 naes
1573 3420 1692 3461 non
1776 3384 1954 3478 auro}
2151 3400 2314 3474 pitur
2357 3416 2522 3457 auro.

576 3501 785 3560 Fluxit
843 3500 903 3559 in
957 3499 1160 3571 imbre,
1338 3504 1515 3562 fluxit
1645 3500 1929 3578 adulter,

577 3601 697 3663 Sed
733 3600 894 3679 quod
927 3601 1163 3662 adulter
1343 3603 1628 3663 Mentitus
1732 3601 1925 3678 pretio

581 3703 813 3766 Obtulit
933 3722 1162 3775 aurum,
1339 3705 1553 3764 faciem
1636 3703 1925 3780 fulvoque
1980 3709 2099 3767 196
2147 3704 2342 3764 Fulva
2485 3702 2687 3763 metal-

582 3807 821 3867 Aureus
863 3806 965 3867 ille
1023 3806 1159 3867 Fin·
1342 3807 1620 3867 veneno?

575 3909 737 3984 gitur
779 3908 980 3969 imber.

455 4015 534 4072 57
583 4008 680 4070 Sic
795 4009 1160 4086 Polydorum
1263 4016 1299 4073 9
1345 4012 1483 4072 Non
1556 4011 1929 4089 Polydorum

580 4114 818 4189 Hospes
836 4114 1161 4172 avarusIn-
1344 4115 1562 4192 hospes
1601 4131 1782 4174 saevo
1825 4130 1955 4174 new

579 4215 730 4274 citus
757 4232 902 4274 auro
920 4149 1189 4283 Fraude!
1346 4221 1442 4274 cat
1484 4216 1705 4275 incitus
1735 4214 1927 4274 auro?

581 4316 838 4376 necavit.
1184 4289 1190 4388 Ι

2152 3807 2343 3866 lorum
2390 3805 2604 3866 rabies.
2711 3883 2717 3888 .
