3142 4809
424 342 500 405 12

423 521 483 576 et
548 517 843 576 sententia
896 520 955 575 et
1014 516 1172 593 apud
1222 516 1652 577 Columbanum
1712 519 1773 575 et
1824 516 1982 592 apud
2046 516 2504 576 declamatorem
2567 536 2657 576 ex·

425 624 583 679 stent
627 622 864 678 tacente
909 618 1232 678 Tiberiano
1246 663 1261 695 ,
1319 637 1450 678 cum
1499 623 1756 694 uterque
1800 618 2182 678 Tiberianum
2229 622 2470 678 secutus
2514 611 2665 678 sit?“

591 722 783 781 Tacet
846 720 1242 797 Tiberianus,
1287 739 1460 792 sane,
1514 719 1618 780 sed
1674 724 1835 780 tacet
1885 720 2056 780 nobis
2116 720 2352 780 nonnisi
2409 720 2668 780 frustula

426 824 552 884 eius
594 822 949 900 legentibus,
992 834 1115 882 non
1148 824 1351 898 *tacuit
1396 823 1797 894 declamatori,
1842 841 1962 882 non
2010 822 2391 884 Columbano.

594 926 810 1001 Neque
856 926 1002 984 haec
1046 943 1144 985 res
1190 930 1544 1001 argumento
1591 930 1786 985 caret:
1831 926 2075 1001 Singula
2118 926 2273 985 enim
2316 925 2366 985 si
2396 943 2668 1004 perscru-

425 1030 650 1104 tamur,
707 1027 766 1086 in
829 1028 959 1104 ipso
1015 1028 1216 1087 limine
1281 1032 1608 1087 occurrunt
1667 1027 2015 1089 Columbani
2075 1046 2172 1087 vv·
2216 1030 2524 1089 30—-362
2579 1028 2667 1104 „E

427 1129 645 1207 quibus
699 1129 815 1189 ista
872 1129 1052 1189 Nunc
1114 1129 1221 1190 tibi
1283 1148 1480 1207 pauca
1522 1130 1821 1206 Tempore
1878 1129 2076 1206 prisco
2131 1129 2313 1190 Gesta
2368 1121 2669 1190 retexam“

425 1231 645 1292 similes
688 1232 793 1310 iis,
850 1250 1006 1309 quae
1051 1230 1423 1292 declamator
1465 1251 1521 1291 v.
1571 1234 1693 1294 198
1738 1230 1950 1292 tradit:
2008 1231 2333 1309 „Volumus
2385 1231 2434 1291 si
2481 1231 2669 1290 visere

431 1334 685 1410 priscos,
730 1333 941 1409 Dicite,
986 1333 1148 1410 quod
1180 1333 1413 1394 facinus
1444 1335 1815 1394 commissum
1864 1351 1984 1394 non
2017 1334 2093 1393 sit
2122 1334 2197 1394 ob
2230 1325 2528 1394 aurum?“
2579 1333 2674 1392 Ex

431 1454 663 1495 summa
707 1436 822 1495 hac
866 1435 1283 1508 similitudine,
1345 1454 1501 1514 quae
1552 1435 1714 1496 inter
1772 1436 2085 1511 utriusque
2131 1434 2441 1496 imitatoris
2482 1434 2671 1495 verba

426 1537 773 1609 intercedit,
820 1540 964 1597 satis
1010 1542 1175 1599 certo
1222 1537 1590 1599 concludere
1634 1538 1778 1597 licet
1822 1557 1897 1598 ex
1940 1537 2264 1598 Tiberiano
2284 1582 2300 1616 ,
2361 1537 2672 1613 utriusque

428 1640 717 1715 exemp10,
765 1658 836 1699 ea
879 1640 1139 1700 fluxisse.

599 1741 856 1800 Similem
913 1742 972 1801 in
1034 1742 1272 1801 modum
1333 1740 1715 1801 iudicandum
1774 1746 1867 1802 est
1918 1741 1994 1801 de
2050 1743 2267 1802 ceteris
2309 1741 2489 1801 rebus
2534 1745 2594 1800 et
2636 1759 2672 1798 a

435 1843 832 1903 declamatore
878 1847 937 1902 et
983 1862 1018 1902 a
1062 1843 1427 1904 Columbano
1481 1844 1753 1920 prolatis.
1840 1845 2053 1920 Itaque
2097 1862 2195 1904 res
2238 1863 2335 1903 w.
2379 1844 2673 1918 37—40‚

434 1947 706 2022 53—56,
754 1947 1003 2006 70—-75
1051 1945 1398 2007 Columbani
1443 1944 1539 2019 (cf.
1588 1949 1738 2017 203,
1787 1950 2167 2021 211-213,
2214 1949 2335 2007 202
2383 1944 2671 2004 declama-

430 2044 634 2120 tionis)
680 2053 1177 2108 commemoratae
1220 2049 1544 2108 Tiberiano
1590 2047 2000 2108 restituendae
2043 2051 2196 2107 sunt.

601 2150 796 2210 Aliter
824 2168 920 2209 res
950 2169 1015 2211 se
1046 2149 1223 2210 habet
1251 2151 1312 2210 in
1344 2151 1680 2229 sententiis,
1729 2169 1884 2228 quae
1915 2149 2263 2212 Columbani
2291 2167 2387 2207 vv.
2423 2150 2673 2208 18—30

435 2254 845 2313 continentur:
906 2252 1278 2329 Quamquam
1342 2253 1498 2312 enim
1544 2258 1606 2313 et
1647 2252 1838 2313 forma
1884 2248 1981 2329 (cf.
2034 2250 2401 2329 anaphoram
2457 2268 2672 2326 prono·

436 2357 606 2416 minis
664 2347 921 2434 „quod“
978 2356 1039 2414 in
1084 2373 1181 2415 vv.
1227 2359 1305 2416 21
1369 2358 1429 2416 et
1474 2358 1579 2426 23)
1642 2374 1678 2414 a
1732 2352 2162 2415 consuetudine
2205 2352 2512 2412 Tiberiani
2555 2370 2676 2411 non

435 2458 733 2535 abhorret,
779 2463 840 2517 et
883 2456 1252 2518 declamator
1295 2477 1391 2518 vv.
1436 2460 1770 2520 193—195
1817 2456 1913 2525 (cf.
1958 2455 2227 2517 Columb.
2270 2474 2368 2513 vv.
2400 2456 2677 2523 26-29)

438 2565 498 2622 et
543 2582 599 2620 v.
648 2563 768 2621 199
816 2558 917 2634 (cf.
967 2560 1231 2620 Columb.
1275 2579 1372 2620 vv.
1419 2559 1696 2633 29—32)
1749 2559 1963 2620 similia
2007 2559 2218 2636 habet,
2261 2561 2460 2617 tamen
2506 2574 2676 2633 argu-

438 2667 634 2724 menta
677 2663 774 2723 vel
818 2664 1018 2740 potius
1063 2662 1281 2722 indicia
1325 2681 1444 2722 non
1491 2666 1834 2741 suppetunt,
1877 2668 1945 2721 ut
1987 2680 2099 2739 pro
2147 2665 2311 2721 certo
2353 2678 2478 2719 rem
2526 2657 2677 2719 affir-

436 2785 599 2827 mare
646 2764 982 2825 audeamus.

612 2869 826 2944 Neque
884 2867 1028 2927 satis
1088 2872 1351 2944 constat,
1408 2871 1606 2926 utrum
1670 2863 2115 2924 declamationis
2177 2882 2273 2922 vv.
2339 2867 2457 2925 197
2520 2866 2683 2933 extr„

447 2974 568 3035 198
615 2973 710 3045 in„
756 2973 882 3032 200
926 2972 1020 3048 in.‚
1067 2975 1190 3032 204
1235 2971 1331 3041 in„
1378 2972 1528 3045 206,
1576 2970 1698 3029 209
1744 2972 1911 3043 extr„
1958 2971 2078 3026 211
2126 2968 2230 3042 in„
2274 2966 2492 3042 quibus
2536 2964 2683 3023 nihil

443 3073 604 3153 apud
652 3073 1086 3134 Columbanum
1134 3072 1490 3151 respondet,
1547 3089 1623 3129 ex
1674 3068 1995 3129 Tiberiano
2054 3068 2164 3128 sibi
2212 3067 2561 3144 sumpserit,
2606 3083 2681 3125 an

439 3180 569 3256 ipse
615 3181 985 3237 commentus
1029 3178 1105 3235 sit
1150 3175 1533 3235 declamator.

617 3282 843 3338 Versus
889 3281 1090 3337 autem
1141 3280 1474 3338 190—193
1524 3279 1583 3335 et
1628 3277 1750 3336 214
1796 3277 2006 3350 aperta
2047 3275 2277 3332 ratione
2308 3268 2682 3330 declamatori

443 3385 553 3460 ipsi
598 3379 978 3442 adscribendi
1025 3384 1197 3452 sunt,
1255 3380 1480 3457 quippe
1539 3378 1757 3455 quibus
1816 3375 2139 3437 sententias
2190 3370 2434 3432 aliunde
2478 3372 2682 3446 raptas

442 3487 505 3546 in
549 3478 1030 3563 „probationem“
1075 3501 1240 3543 suam
1286 3480 1620 3543 inseruerit.

619 3586 731 3648 Sed
778 3587 837 3645 in
873 3584 1239 3646 collocandis
1285 3584 1463 3643 rebus
1508 3602 1580 3642 ac
1626 3580 1934 3641 sententiis
1974 3596 2109 3637 cum
2140 3581 2397 3653 uterque
2427 3574 2687 3634 imitator

445 3709 620 3752 suum
665 3688 936 3749 ordinem
990 3691 1235 3748 secutus
1294 3686 1374 3744 sit
1399 3681 1505 3758 ¹²),
1565 3684 1717 3743 nihil
1773 3681 1913 3741 inde
1966 3679 2042 3740 ad
2086 3678 2391 3739 Tiberiani
2450 3694 2687 3737 carmen

447 3789 879 3854 restituendum
927 3790 1057 3850 elici
1104 3791 1316 3867 potest.

618 3896 710 3953 De
765 3892 1115 3952 condicione
1160 3895 1361 3951 autem
1406 3888 1687 3948 carminis
1733 3905 1806 3946 ex
1851 3885 2031 3946 rebus
2077 3886 2137 3941 et
2179 3881 2493 3942 sententiis
2537 3883 2690 3939 trac-

627 4144 684 4208 12)
720 4143 1046 4193 Declamator
1068 4144 1123 4191 in
1149 4140 1484 4207 disponendis
1522 4138 1769 4204 exemplis
1805 4144 1855 4185 et
1891 4134 2158 4184 sententiis
2194 4133 2377 4182 ordine
2412 4137 2552 4180 certo
2589 4145 2693 4179 non

451 4232 627 4288 utitur,
651 4244 820 4293 neque
839 4235 1232 4277 commemorata
1254 4233 1484 4291 repetere
1504 4224 1724 4282 dubitat,
1750 4220 2101 4271 Columbanus
2118 4218 2445 4284 perspicuum
2464 4215 2695 4263 ordinem

455 4324 660 4368 secutus
697 4313 824 4362 nihil
860 4312 976 4377 plus
1013 4312 1169 4361 semel
1204 4310 1365 4360 affert.
