3142 4809
482 303 565 366 20

612 478 694 535 20
737 478 873 554 Ipse
920 477 1074 535 nites
1118 480 1511 552 nostrumque
1556 477 1773 553 premis
1817 477 2120 551 solemque
2166 474 2460 552 diemque.

734 578 828 637 Tu
872 595 1062 653 genus
1106 595 1280 637 omne
1324 577 1519 655 deum,
1561 582 1629 637 tu
1673 596 1873 638 rerum
1920 595 2099 637 eausa
2141 578 2455 653 vigorque,

738 681 834 740 Tu
880 685 1097 740 natura
1141 679 1349 750 omnis,
1395 678 1540 738 deus
1581 678 2027 739 innumerabilis
2071 696 2243 755 unus,

736 782 829 841 Tu
877 798 1024 841 sexu
1071 781 1283 857 plenus
1328 783 1471 852 toto,
1516 779 1622 840 tibi
1669 781 1935 841 nascitur
1978 779 2113 841 olim

652 956 718 994 20
751 945 901 994 uides
938 946 1087 993 PRS
1100 946 1154 994 V.
1192 972 1259 980 —
1295 956 1354 991 21
1398 944 1459 992 di‘
1496 945 1563 993 R.
1603 944 1688 993 dei
1725 945 1777 994 S.
1813 971 1881 982 -—
1918 956 1980 992 22
2018 951 2197 993 nature
2237 946 2292 994 S.
2339 945 2409 994 or‘
2429 944 2474 994 is
2511 945 2575 994 P.

547 1116 774 1166 vicissim
818 1115 1068 1179 ignesque
1131 1114 1270 1163 illius
1304 1114 1605 1164 immortalis
1658 1115 1758 1163 Dei
1812 1115 2081 1164 vivacitate
2134 1115 2464 1164 flammantur.
2552 1115 2723 1163 Huius

549 1202 711 1251 divini
757 1202 892 1264 ignis
936 1200 1134 1263 origine
1177 1198 1373 1248 incensi
1409 1215 1500 1265 per
1535 1200 1696 1249 totius
1731 1201 1909 1249 mundi
1945 1216 2171 1248 convexa
2205 1200 2491 1250 illustribus
2527 1200 2723 1249 facibus

547 1288 867 1352 ignescunt“.
952 1287 1223 1334 Praeterea
1269 1285 1332 1335 cf.
1369 1287 1543 1335 Lutat.
1580 1285 1648 1334 ad
1684 1287 1809 1335 Stat.
1847 1284 2014 1336 Theb.
2050 1287 2143 1343 IV,
2182 1287 2280 1348 526
2316 1286 2450 1347 (vide
2486 1285 2551 1334 ad
2581 1302 2630 1336 v.
2657 1287 2723 1348 2).

653 1374 775 1437 Ipse
798 1375 959 1420 nites:
993 1372 1194 1420 emend.
1220 1371 1398 1429 Ries.;
1436 1373 1525 1421 Bs.
1550 1372 1714 1422 coni.:
1740 1373 1964 1438 Ipseque
2002 1371 2109 1420 daS.
2146 1399 2214 1408 —
2248 1372 2479 1421 Verbum
2513 1370 2725 1420 videndi

547 1459 668 1508 huic
702 1458 819 1507 loco
856 1457 1059 1506 videtur
1093 1457 1326 1523 ineptum
1362 1472 1490 1506 esse.

641 1545 871 1606 premis.-
906 1542 989 1603 (G.
1027 1544 1304 1591 Hermann.
1342 1542 1498 1592 coni.:
1536 1542 1733 1607 aperis).
1761 1542 1824 1591 cf.
1863 1541 1992 1591 Stat.
2043 1541 2167 1591 Silv.
2205 1543 2287 1600 ΙΙ,
2325 1542 2384 1600 6,
2423 1553 2514 1604 37:
2564 1556 2724 1605 quan·

549 1638 757 1692 tumque
794 1626 924 1675 alios
960 1627 1142 1691 premit
1177 1627 1443 1691 Hesperus
1478 1627 1653 1689 ignes;
1692 1625 1892 1676 Achill.
1929 1628 1970 1684 Ι,
1999 1638 2112 1689 242.

481 1727 563 1763 21.
610 1715 660 1761 T
652 1730 688 1761 u
717 1729 894 1775 genus
929 1728 1076 1759 omne
1109 1714 1290 1759 deum.-
1323 1710 1375 1760 h.
1398 1727 1445 1760 e.
1482 1718 1539 1759 tu
1577 1711 1933 1776 complecteris
1970 1728 2147 1761 omnes
2185 1712 2310 1761 deos
2349 1712 2474 1774 (sive
2510 1711 2723 1759 virtutes

548 1799 667 1847 vide
703 1798 784 1847 ad.
821 1809 876 1846 V.
916 1798 992 1858 2),
1038 1812 1169 1860 quae
1206 1796 1458 1845 sententia
1492 1804 1544 1844 et
1581 1796 1813 1845 Platonis
1849 1804 1953 1854 est,
2007 1797 2098 1861 qui
2133 1797 2188 1846 in
2222 1797 2434 1846 Timaeo
2471 1798 2540 1860 (p.
2580 1807 2643 1857 39
2678 1796 2724 1843 E

549 1901 657 1949 sq.;
694 1895 754 1945 41
795 1884 850 1930 A
885 1884 984 1947 sq.)
1041 1882 1194 1930 deum
1239 1897 1488 1930 summum
1544 1871 1853 1949 „ovipoiwov
1914 1882 2075 1934 θεῶν
2122 1874 2322 1949 γένος’
2374 1888 2725 1947 procreantem

547 1969 762 2026 inducit,
798 1974 850 2017 et
873 1968 939 2016 ad
963 1965 1251 2032 Orphaicos
1284 1967 1521 2032 pertinet,
1558 1967 1648 2031 qui
1685 1983 1796 2017 eam
1821 1968 2040 2031 imagine
2067 1968 2323 2033 cataposis
2346 1972 2723 2032 expresserunt:

547 2055 683 2103 Nam
726 2054 781 2102 in
827 2068 1003 2102 eorum
1047 2052 1238 2101 fabulis
1286 2053 1515 2116 „Iupiter
1562 2053 1689 2101 deos
1734 2068 1763 2101 a
1798 2053 2030 2102 Phanete
2066 2054 2236 2102 editos
2270 2069 2387 2102 cum
2422 2068 2485 2101 eo
2520 2052 2635 2117 ipso
2671 2051 2725 2099 in

547 2156 603 2189 se
650 2139 909 2195 resorbet,
958 2145 1014 2187 ut
1050 2154 1112 2186 ex
1147 2137 1388 2187 omnibus
1425 2153 1556 2186 unus
1593 2138 1682 2186 fiat
1720 2139 1846 2188 deus
1882 2139 2136 2188 mundus“
2174 2140 2256 2201 (cf.
2293 2155 2341 2187 ν.
2380 2140 2464 2201 24)
2498 2138 2632 2187 Lob.
2671 2153 2722 2201 p.

547 2225 672 2288 4863
734 2225 798 2273 cf.
837 2222 1011 2273 Schol.
1049 2224 1133 2273 ad.
1171 2223 1385 2286 Gregor.
1424 2222 1514 2272 Or.
1553 2223 1633 2271 IV
1667 2239 1719 2287 p.
1764 2235 1858 2286 104
1896 2223 1936 2271 C
1975 2224 2126 2287 (Lob.
2163 2241 2215 2289 p.
2253 2226 2398 2287 492);
2443 2222 2725 2271 XXXVII

547 2326 599 2374 p.
649 2310 747 2357 602
792 2309 848 2357 A
892 2307 1141 2371 (Lobeck.
1179 2323 1229 2373 p.
1269 2308 1413 2370 468);
1470 2308 1632 2356 Clem.
1672 2308 1911 2358 Stromat.
1950 2309 2017 2367 V,
2060 2321 2135 2371 14,
2175 2321 2271 2371 722
2310 2309 2461 2370 (Lob.
2497 2325 2549 2373 p.
2587 2310 2722 2371 455).

647 2396 813 2443 Totus
847 2392 932 2441 hic
967 2393 1113 2442 locus
1138 2395 1236 2455 (vv.
1265 2393 1483 2457 21—23)
1522 2393 1763 2442 convenit
1799 2394 2182 2458 quodammodo
2218 2410 2335 2444 cum
2357 2394 2588 2443 versibus
2612 2393 2722 2458 qui-

544 2480 764 2530 busdam
799 2478 996 2527 Valerii
1032 2477 1214 2527 Sorani
1261 2492 1290 2525 a
1324 2478 1558 2527 Varrone
1602 2478 1657 2526 in
1704 2494 1767 2527 eo
1816 2477 1976 2537 libro,
2026 2495 2178 2543 quem
2223 2479 2288 2527 de
2334 2480 2476 2528 cultu
2512 2479 2723 2528 deorum

545 2564 735 2623 edidit,
786 2563 1034 2629 expositis
1070 2565 1171 2627 (ap.
1210 2562 1490 2626 Augustin.
1529 2563 1595 2611 de
1632 2563 1729 2612 civ.
1769 2564 1853 2612 dei
1890 2564 2011 2623 VH,
2049 2565 2099 2627 9)
2149 2565 2237 2628 qui
2274 2580 2450 2613 versus
2484 2564 2539 2612 hi
2575 2571 2720 2613 sunt:

542 2650 739 2715 Iupiter
786 2648 1111 2713 omnipotens
1158 2663 1361 2711 regum,
1427 2663 1698 2713 rerumque
1744 2630 1999 2713 deumque
2034 2649 2342 2712 Progenitor
2385 2649 2722 2713 genitrixque,

545 2734 697 2783 deum
734 2735 861 2783 deus
896 2749 1029 2782 unus
1065 2740 1118 2782 et
1152 2734 1317 2782 omnis
1352 2734 1503 2795 (Lob.
1538 2751 1591 2800 p.
1631 2736 1765 2798 533).
1837 2734 1969 2793 Vix,
2017 2735 2200 2793 credo,
2255 2750 2386 2801 opus
2421 2742 2499 2784 est
2533 2734 2722 2784 addere

541 2819 639 2869 hos
673 2835 850 2868 versus
886 2819 952 2867 ad
988 2818 1361 2884 Orphaicorum
1397 2819 1590 2885 placita
1624 2820 1940 2885 compositos
1981 2835 2109 2869 esse.

643 2910 703 2952 tu
739 2921 922 2953 rerum
957 2920 1120 2952 causa
1158 2905 1442 2968 vigorque:
1479 2904 1824 2967 Quicheratus
1850 2906 2046 2954 confert
2068 2905 2241 2955 locum
2266 2906 2443 2954 Herm.
2469 2905 2717 2964 Trismeg.

544 3007 587 3040 c.
626 3002 717 3053 41:
778 2990 859 3049 „O
895 2989 1031 3039 vitae
1070 3005 1189 3038 vera
1232 2989 1365 3048 vita,
1423 3006 1454 3038 o
1502 2998 1796 3040 naturarum
1844 2992 2071 3041 omnium
2105 2991 2321 3039 fecunda
2368 2987 2718 3054 praegnati0.“

542 3077 816 3125 Praeterea
861 3076 927 3123 cf.
977 3075 1206 3124 eiusdem
1257 3075 1455 3139 dialogi
1491 3092 1536 3124 c.
1559 3088 1653 3138 34:
1692 3092 1823 3140 quae
1874 3077 2043 3126 omnia
2077 3076 2187 3125 sine
2225 3075 2323 3124 deo
2359 3072 2583 3137 vegetari
2616 3087 2720 3120 non

542 3167 776 3227 possunt.
800 3188 867 3196 —
893 3160 1090 3209 Similia
1125 3160 1428 3210 Christiani:
1467 3161 1679 3226 Didym.
1719 3163 1783 3211 de
1822 3162 1938 3212 trin.
1965 3179 2010 3212 c.
2040 3173 2119 3221 21,
2145 3173 2271 3225 402:
2310 3148 2454 3229 α’ρχὴ
2480 3151 2630 3226 πηγή
2656 3171 2721 3208 τε

543 3244 691 3313 ζωῆς
734 3236 839 3297 xri}
896 3246 1048 3307 (Lob.
1095 3262 1146 3312 p.
1184 3258 1285 3309 440
1321 3246 1490 3308 adn.);
1550 3247 1757 3296 Auson.
1812 3247 2030 3312 Ephem.
2081 3249 2174 3308 (or.
2231 3249 2343 3310 153)
2391 3262 2440 3294 v.
2489 3245 2549 3292 8:
2603 3244 2722 3306 Ipse

542 3331 712 3397 opifex
736 3346 921 3389 rerum,
956 3330 1110 3381 rebus
1146 3347 1299 3381 causa
1332 3331 1445 3397 ipse
1481 3332 1739 3388 creandis;
1776 3331 1904 3381 ibid.
1942 3347 1989 3379 v,
2021 3330 2109 3377 16:
2148 3337 2331 3376 cuncta
2365 3330 2476 3390 ipse
2512 3339 2719 3372 movens

540 3423 806 3480 vegetator
841 3416 1076 3465 inertum.

474 3513 556 3552 22.
601 3502 683 3550 Tu
719 3508 922 3550 natura
957 3504 1154 3550 omnis:
1189 3501 1391 3550 videtur
1425 3497 1864 3562 interpretandum
1899 3510 2009 3544 esse
2045 3494 2316 3543 vernacula
2350 3494 2551 3557 lingua:
2601 3492 2720 3553 „die

542 3594 831 3650 gesammte·
870 3588 1241 3647 Erzeugung“;
1307 3583 1369 3631 cf.
1420 3582 1628 3630 Platon.
1680 3581 1902 3631 Phaedr.
1949 3597 2001 3645 p.
2053 3589 2147 3643 245
2197 3580 2271 3628 E:
2326 3570 2361 3646 ἢ
2414 3571 2603 3631 πάντα
2656 3592 2720 3628 τε

541 3661 790 3740 οὐρανὸν
835 3663 1029 3724 πᾶσάν
1075 3667 1139 3720 τὲ
1188 3660 1417 3735 γένεσιν
1465 3667 1878 3731 συμπεσοῦσαν
1928 3666 2129 3733 στῆναι
2164 3656 2296 3728 xri,
2352 3681 2504 3731 quem
2550 3665 2720 3713 locum

541 3757 721 3807 Cicero
755 3758 941 3807 Latine
988 3754 1182 3805 reddit:
1246 3754 1344 3803 Vel
1380 3753 1623 3802 concidat
1658 3768 1807 3802 omne
1845 3752 2043 3802 caelum
2079 3752 2347 3817 omnisque
2382 3758 2563 3801 natura
2599 3764 2719 3798 con-

539 3841 703 3892 sistat.
773 3842 986 3892 Tuscul.
1022 3841 1065 3901 I,
1104 3852 1184 3905 23,
1223 3849 1288 3903 54
1323 3839 1406 3902 (cf.
1445 3839 1510 3887 de
1545 3854 1654 3905 rep.
1692 3839 1785 3899 VI,
1825 3841 1926 3903 25).

641 3929 771 3975 deus
804 3928 1201 3975 innumerabilis*
1235 3941 1407 3974 unus.-
1441 3925 1560 3974 vide
1600 3925 1683 3975 ad.
1721 3941 1803 3975 vv.
1843 3937 1890 3985 2,
1929 3936 1975 3987 3,
2015 3936 2072 3987 7;

472 4021 556 4072 23.
601 4012 680 4059 Tu
716 4028 847 4059 sexu
870 4014 1066 4074 plenus
1100 4018 1231 4061 toto.-
1274 4011 1615 4060 Nobilissima
1648 4010 1741 4060 illa
1777 4011 1842 4059 de
1878 4010 1977 4058 deo
2015 4007 2435 4058 masculofemina
2469 4005 2722 4057 sententia

540 4111 570 4144 a
615 4095 826 4144 Valerio
873 4096 1072 4146 Sorano
1116 4096 1198 4146 his
1232 4097 1400 4146 verbis
1446 4097 1776 4163 pronuntiata
1809 4096 1847 4145 1.
1884 4111 1928 4144 c.
1966 4095 2103 4158 (vide
2152 4094 2219 4142 ad
2254 4109 2302 4143 v.
2340 4096 2453 4157 21):
2491 4093 2719 4154 „Proge-

538 4179 675 4227 nitor
720 4179 1041 4244 genitrixque
1077 4187 1211 4231 cet.“
1279 4180 1483 4243 Quibus
1528 4181 1765 4231 versibus
1801 4179 2132 4243 Augustinus
2180 4179 2245 4227 de
2292 4178 2539 4227 Varronis
2584 4176 2720 4224 libro

536 4263 665 4313 haec
701 4262 874 4311 addit:
912 4264 1287 4330 „Exponuntur
1323 4273 1498 4315 autem
1532 4267 1589 4314 in
1623 4267 1807 4317 eodem
1829 4265 1964 4314 libro
1987 4264 2077 4324 ita,
2114 4270 2173 4313 ut
2196 4279 2312 4312 eum
2333 4278 2523 4312 marem
2546 4260 2720 4310 existi-
