3142 4809
2562 325 2642 387 17

659 496 755 556 Tu
800 495 982 571 solue,
1025 498 1089 554 tu
1135 495 1354 555 multus
1397 494 1554 565 item,
1599 497 1665 554 tu
1711 495 1939 571 primus
1985 498 2045 555 et
2092 494 2248 555 idem

660 599 1009 658 Postremus
1053 595 1404 673 mediusque
1449 596 1623 656 simul
1669 595 1996 673 mundique
2038 599 2377 673 superstes:

662 700 816 757 Nam
862 699 989 758 sine
1033 696 1150 759 fine
1193 697 1279 758 tui
1326 698 1593 759 labentia
1635 701 1909 776 tempora
1950 698 2084 758 finis

542 805 622 863 10
663 801 837 862 Altus
882 801 955 860 ab
1002 803 1246 861 aeterno
1291 805 1571 878 spectans
1614 799 1742 860 fera
1762 800 2016 860 »turbine
2064 804 2229 862 certo

581 965 612 1014 8
649 971 885 1031 supestas
923 967 986 1016 P.
1027 965 1223 1014 mundu
1258 972 1553 1031 superextas
1607 966 1660 1015 V.
1698 992 1765 1001 —
1807 976 1868 1014 10
1902 964 2030 1013 alter
2082 965 2137 1015 V.
2175 993 2241 1003 --

414 1150 461 1203 7.
506 1137 586 1185 Tu
634 1137 800 1189 solus,
844 1142 904 1183 tu
949 1138 1147 1184 multus
1192 1138 1343 1183 item:
1398 1133 1516 1184 vide
1561 1135 1629 1184 ad
1676 1151 1724 1184 ν.
1771 1147 1820 1184 2.
1874 1136 2147 1183 Praeterea
2194 1136 2258 1185 cf.
2305 1135 2537 1202 Simplic.
2583 1139 2649 1188 ad

482 1220 707 1271 Aristot.
745 1222 809 1269 de
862 1221 1004 1269 caelo
1058 1238 1108 1286 p.
1155 1233 1215 1269 21
1243 1222 1288 1269 B
1335 1221 1485 1283 (Lob.
1520 1236 1571 1285 p.
1616 1220 1761 1283 467):
1822 1213 1913 1271 διὰ
1967 1221 2140 1271 τοῦτο
2194 1212 2295 1282 τὰς
2340 1218 2653 1288 θεογονίας

482 1295 617 1373 ἡμῖν
653 1297 709 1357 οἱ
743 1299 1024 1372 θεολόγοι
1059 1297 1430 1374 παρέδωκαν,
1478 1297 1545 1356 τὸ
1583 1300 1692 1369 μὲν
1727 1304 1954 1371 πλῆθος
1991 1297 2053 1357 ἐν
2088 1306 2172 1375 τῷ
2210 1296 2296 1358 ἑνὶ
2328 1298 2506 1370 μένον
2544 1302 2650 1376 φά-

485 1405 749 1453 σκοντες,
798 1406 929 1454 quae
965 1397 1199 1455 spectant
1234 1391 1301 1439 ad
1335 1390 1670 1453 Theogoniae
1707 1390 1903 1454 Orphei
1949 1390 2121 1439 locum
2155 1390 2550 1442 illustrissimum
2585 1396 2652 1444 de

483 1476 729 1525 Phanetis
766 1476 1014 1541 cataposi.
1060 1476 1125 1526 cf.
1150 1476 1334 1525 lustin.
1371 1475 1488 1525 coh.
1526 1492 1579 1540 p.
1621 1487 1677 1539 15
1718 1477 1759 1529 C
1797 1476 1948 1537 (Lob.
1978 1491 2029 1541 p.
2056 1477 2201 1538 440):
2239 1464 2340 1538 Εἷς
2366 1469 2508 1539 Ζεὺς
2529 1470 2651 1532 κτὲ.

585 1568 645 1609 tu
669 1562 885 1624 primus
916 1567 969 1608 et
1000 1562 1134 1608 idem
1171 1563 1482 1610 Postremus
1515 1563 1815 1625 mediusque
1850 1563 2035 1610 simul:
2087 1562 2233 1610 Haec
2281 1561 2416 1611 clara
2454 1564 2517 1611 de
2554 1564 2653 1612 deo

487 1646 739 1696 sententia
775 1661 835 1694 ex
871 1645 1113 1711 Orphicis
1148 1645 1308 1695 fluxit.
1381 1647 1445 1697 cs.
1483 1643 1779 1695 Aristobul.
1818 1662 1899 1710 ap.
1936 1647 2131 1696 Euseb.
2168 1662 2342 1711 praep.
2381 1663 2458 1697 εν.
2496 1649 2655 1708 ΧΙΠ,

494 1744 554 1780 12
588 1748 640 1796 p.
667 1730 766 1794 664
802 1732 954 1793 (Lob.
980 1748 1033 1796 p.
1058 1734 1205 1794 442):
1252 1721 1430 1798 ἀρχὴν
1465 1723 1642 1793 αὐτὸς
1677 1721 1826 1797 ἔχων
1861 1726 1962 1782 καὶ
1994 1723 2218 1796 μέσσον
2252 1722 2350 1798 η’δὲ
2387 1726 2660 1802 τελευτήν

487 1818 569 1879 (cf.
606 1824 714 1865 not.
750 1832 817 1865 m.
856 1816 1107 1866 Lobeckii
1140 1817 1174 1865 l.
1213 1818 1277 1879 c.)
1326 1825 1376 1865 et
1420 1817 1591 1866 Procl.
1639 1817 1693 1865 in
1740 1817 1873 1865 Tim.
1921 1818 1974 1864 11
2019 1833 2071 1882 p.
2118 1818 2183 1878 96
2234 1818 2383 1879 (Lob.
2421 1835 2473 1883 p.
2512 1822 2657 1882 521):

493 1893 636 1963 Ζεὺς
677 1903 909 1970 πρῶτος
952 1893 1187 1967 γένετο,
1246 1894 1389 1962 Ζεὺς
1433 1890 1680 1963 ὕστατος
1726 1892 2165 1969 ἄρχικέραυνος,
2223 1895 2365 1964 Ζεὺς
2415 1896 2658 1971 κεφαλὴ,

493 1978 635 2048 Ζεὺς
657 1978 866 2051 μέσσα,
902 1979 1036 2048 Διός
1059 1976 1106 2037 δ’
1133 1979 1200 2039 ἐκ
1236 1979 1424 2038 πάντα
1459 1978 1730 2039 τέτυκται
1763 1987 1847 2053 (ef.
1885 1994 1994 2036 not.
2032 2003 2079 2036 v.
2117 1987 2371 2038 Lobeckii
2394 1987 2429 2037 1.
2456 1991 2546 2051 c.);
2594 1990 2659 2038 de

491 2088 594 2137 quo
639 2088 789 2122 versu
834 2072 1132 2121 Lobeckius
1178 2071 1306 2121 haec
1342 2072 1573 2137 disputat
1606 2072 1642 2121 1.
1679 2087 1724 2120 c.
1762 2088 1814 2136 p.
1842 2080 1939 2134 529
1976 2067 2003 2139 ξ
2034 2084 2121 2134 19:
2172 2073 2413 2131 „Etenim
2456 2073 2662 2124 illorum

491 2173 727 2207 versuum
775 2172 907 2206 unus
950 2172 1072 2222 prae
1118 2157 1301 2206 ceteris
1349 2172 1584 2220 magnam
1628 2156 1975 2206 celebritatem
2021 2158 2239 2222 adeptus
2286 2158 2663 2224 multorumque

490 2243 779 2293 imitatione
826 2242 1128 2300 nobilitatus
1173 2249 1274 2301 est,
1328 2258 1432 2307 quo
1476 2242 1531 2291 in
1566 2257 1777 2291 numero
1812 2241 2005 2307 primus
2039 2227 2262 2293 occurrit
2296 2243 2448 2293 Plato
2483 2246 2663 2308 (Legg.

492 2329 588 2387 IV,
627 2339 721 2392 715
749 2328 818 2390 D)
854 2334 959 2385 cet;

595 2415 879 2478 mundique
902 2419 1193 2476 superstes.-
1236 2414 1324 2462 Bs.
1362 2413 1523 2461 coni.:
1560 2412 1857 2477 mundoque
1884 2418 2193 2478 superstans.
2220 2413 2527 2463 Coniectura
2560 2429 2666 2463 non

497 2515 627 2564 opus
662 2507 756 2557 est,
794 2515 909 2547 cum
945 2499 1063 2548 cod.
1105 2499 1148 2547 S
1178 2504 1367 2547 rectam
1402 2483 1679 2547 lectionem
1714 2497 2014 2547 servaverit:
2069 2498 2219 2562 (quae
2256 2499 2406 2547 etiam
2443 2498 2668 2549 firmatur

497 2584 786 2650 corruptela
838 2583 1035 2633 codicis
1084 2584 1175 2646 P),
1228 2599 1344 2632 nam
1402 2583 1684 2632 seeundum
1730 2581 1965 2632 Platonis
2007 2582 2062 2631 in
2108 2583 2319 2632 Timaeo
2368 2584 2670 2633 sententiam

496 2670 742 2729 mundus,
779 2684 1087 2734 quamquam
1123 2670 1250 2718 deus
1286 2676 1364 2717 est
1400 2668 1538 2717 omni
1573 2668 1755 2717 morbo
1792 2668 2001 2717 seniove
2038 2684 2215 2717 carens
2239 2668 2390 2730 (Tim.
2415 2684 2468 2734 p.
2497 2680 2560 2732 33
2587 2669 2667 2726 A;

500 2756 562 2804 cf.
588 2770 668 2812 vv.
700 2765 898 2819 24—25
937 2755 1098 2804 nostri
1134 2752 1406 2816 carminis),
1443 2760 1629 2811 tamen,
1666 2753 1909 2818 quoniam
1944 2761 2088 2802 ortus
2123 2761 2215 2812 est,
2249 2760 2423 2819 potest
2458 2754 2671 2804 dissolvi

503 2839 652 2902 (Tim.
678 2856 730 2904 p.
758 2841 821 2901 38
845 2841 890 2888 B
914 2856 995 2906 cp.
1020 2841 1105 2888 XI
1139 2838 1238 2897 in.;
1278 2839 1342 2889 cf.
1368 2856 1419 2904 p.
1445 2850 1504 2900 41
1534 2839 1624 2901 B);
1680 2839 1769 2887 sed
1815 2839 2028 2888 fortasse
2064 2838 2192 2888 haec
2236 2839 2403 2889 minus
2450 2839 2518 2888 ad
2551 2839 2669 2888 Pla-

502 2931 702 2983 tonem,
747 2941 899 2989 quam
946 2925 1013 2974 ad
1050 2925 1253 2974 Stoicos
1299 2923 1580 2989 pertinent:
1630 2924 1694 2973 cf.
1731 2923 1871 2972 Plut.
1909 2939 2163 2973 commun.
2199 2930 2310 2974 not.
2348 2924 2413 2986 36
2449 2941 2499 2989 p.
2543 2923 2670 2986 1318

501 3010 724 3073 (Didot):
785 3001 943 3076 λέγει
987 3010 1129 3076 γοῦν
1166 3001 1508 3078 Χρύσιππος
1562 3037 1629 3045 -
1687 2996 1830 3060 ὅταν
1886 2997 1989 3060 οὖν
2049 2999 2376 3077 ἐκπύρωσις
2421 3000 2671 3074 γένηται,

504 3083 685 3159 μόνον
744 3086 1053 3164 ἄφθαρτον
1106 3086 1247 3147 ὄντα
1300 3087 1403 3146 τὸν
1449 3089 1554 3146 Δία
1603 3095 1722 3145 τῶν
1769 3093 1955 3154 θεῶν,
2012 3085 2380 3161 ἀναχωρῆσαι
2429 3084 2525 3146 ἐπὶ
2570 3086 2672 3160 τὴν

508 3172 789 3244 πρόνοιαν
843 3170 943 3230 xv&
993 3182 1074 3241 (cf.
1111 3180 1320 3245 Didym.
1357 3197 1440 3246 ap.
1476 3179 1671 3228 Euseb.
1709 3194 1884 3244 praep.
1920 3194 2000 3228 ext.
2038 3179 2177 3237 XV,
2219 3187 2308 3240 15:
2347 3170 2433 3229 διὸ
2472 3170 2538 3244 δὴ
2573 3172 2672 3230 καὶ

507 3256 614 3313 Δία
648 3288 716 3300 -
745 3256 1293 3329 προσονομάζεσθαι
1329 3259 1610 3334 πρόνοιαν
1648 3252 1738 3316 ὅτι
1773 3257 1920 3331 πρὸς
1953 3256 2020 3314 τὸ
2054 3256 2340 3331 χρήσιμον
2376 3256 2676 3327 οἰκονομεῖ

504 3342 749 3409 adnm).

436 3444 485 3493 9.
522 3432 667 3481 Haec
693 3441 926 3498 spectant
950 3433 1016 3483 ad
1041 3434 1174 3484 Tim.
1200 3450 1251 3499 p.
1279 3447 1343 3499 37
1368 3451 1473 3501 sq.;
1501 3436 1563 3497 38
1590 3435 1650 3484 C.
1673 3462 1742 3473 —
1772 3434 1902 3484 Cum
1928 3449 2194 3498 oxymorO,
2231 3432 2478 3499 quod⁶his
2503 3431 2674 3482 verbis

505 3517 811 3577 continetur,
848 3520 912 3568 cf.
951 3519 1162 3585 Coripp.
1202 3521 1266 3570 de
1301 3520 1441 3571 laud.
1477 3522 1611 3571 Iust.
1646 3520 1769 3569 min.
1804 3520 1908 3578 IV,
1947 3520 2011 3581 96
2047 3518 2162 3568 finit
2196 3518 2306 3568 sine
2341 3517 2441 3567 fine
2478 3517 2606 3567 dies.

442 3613 518 3651 10.
556 3601 701 3666 Quae
750 3612 1031 3668 sequuntur
1077 3594 1243 3654 tribus
1287 3605 1544 3654 Macrobii
1589 3604 1719 3654 locis
1753 3604 2099 3654 illustrantur:
2149 3604 2195 3653 is
2231 3603 2365 3652 enim
2402 3617 2584 3653 comm.
2619 3603 2674 3652 in

504 3703 665 3737 somn.
704 3687 844 3753 Scip.
880 3689 958 3748 Π,
1002 3701 1104 3749 ΧΠ,
1147 3702 1205 3753 13
1241 3689 1368 3739 haec
1403 3689 1587 3739 habet:
1637 3689 1855 3739 Constat
1888 3688 2019 3737 nihil
2053 3689 2187 3737 intra
2220 3688 2392 3737 vivum
2427 3688 2676 3737 mundum

501 3773 686 3838 perire,
722 3773 814 3823 sed
849 3789 1041 3832 eorum,
1079 3789 1210 3839 quae
1244 3774 1451 3824 interire
1487 3775 1742 3834 videntur,
1778 3774 1942 3823 solam
1975 3773 2161 3822 mutari
2197 3773 2421 3838 speciem
2455 3780 2509 3821 et
2542 3772 2676 3821 illud

502 3858 557 3906 in
591 3859 841 3922 originem
864 3874 1007 3908 suam
1032 3865 1186 3923 atque
1210 3858 1265 3907 in
1287 3858 1399 3923 ipsa
1422 3860 1673 3909 elementa
1695 3874 1934 3917 remeare,
1973 3857 2114 3922 quod
2139 3856 2240 3906 tale
2267 3856 2418 3921 quale
2442 3856 2539 3905 suit
2562 3871 2675 3905 esse

503 3942 727 3993 desierit.
787 3944 1025 4008 Denique
1058 3951 1109 3992 et
1132 3943 1371 3993 Plotinus
1395 3944 1497 3993 alio
1521 3945 1578 3994 in
1598 3944 1717 3994 loco
1756 3978 1912 3993 .....
1949 3941 2241 4006 respondit:
2278 3940 2399 3990 ideo
2424 3940 2676 3990 elementa

500 4026 624 4078 licet
656 4027 815 4077 fluant
848 4044 1126 4093 numquam
1162 4036 1332 4078 tamen
1368 4028 1513 4088 solvi,
1552 4029 1674 4093 quia
1708 4043 1812 4076 non
1835 4028 1969 4077 foras
1995 4026 2233 4084 effluunt;
2270 4043 2300 4076 a
2332 4026 2515 4075 ceteris
2540 4025 2676 4075 enim

503 4112 804 4177 corporibus
848 4114 988 4178 quod
1036 4113 1198 4168 effluit
1242 4112 1465 4173 recedit,
1521 4114 1887 4163 elementorum
1935 4111 2097 4160 fluxus
2130 4126 2409 4177 numquam
2444 4111 2510 4159 ab
2545 4110 2673 4174 ipsis

502 4198 697 4247 recedit
745 4197 1009 4248 elementis
1057 4198 1138 4260 (cf.
1175 4199 1310 4249 Tim.
1345 4216 1397 4265 p.
1437 4210 1500 4262 33
1539 4198 1581 4246 C
1630 4205 1681 4246 et
1727 4196 1958 4246 Chalcid.
2005 4211 2187 4245 comm.
2236 4197 2292 4245 in
2341 4197 2474 4244 Tim.
2510 4209 2555 4241 c.
2593 4204 2676 4254 24,

507 4298 659 4347 quem
691 4283 862 4333 locum
898 4270 1241 4347 Quicheratus
1275 4284 1342 4332 ad
1376 4298 1424 4333 ν.
1466 4296 1528 4345 14
1558 4282 1793 4343 laudat.)-

2237 4383 2271 4432 2
