3142 4809
716 510 883 570 Auro
929 510 1145 570 emitur
1190 509 1442 578 faniano,
1488 508 1687 585 pudor
1731 509 1923 568 almus
1969 506 2248 567 venditur
2289 526 2457 583 aum,

590 617 673 672 20
716 613 872 673 Tum
916 612 1113 689 patria
1157 616 1343 688 atque
1386 628 1627 689 parone,
1671 612 1834 687 leges
1877 611 2190 687 pietasque
2234 608 2528 685 fidesque:

713 713 902 778 Omne
947 712 1117 774 nefas
1160 732 1310 774 auro
1354 714 1597 790 tegitur,
1638 712 1733 774 fas
1777 712 2054 789 proditur
2098 731 2265 773 auro.

713 817 900 876 Porro
946 817 1062 877 hoc
1105 816 1411 888 Pactolus,
1457 833 1642 892 porro
1687 816 1834 876 fluat
1877 817 1938 875 et
1983 814 2153 891 niger
2197 813 2497 874 Hermus?

712 918 963 995 Aurum,
1005 936 1103 979 res
1147 917 1350 995 gladii,
1393 917 1565 979 furor
1610 935 1833 988 amena,
1879 917 2059 977 ardor
2102 934 2343 993 avarae,

715 1022 806 1081 Te
852 1020 1050 1080 celent
1091 1037 1330 1096 semper
1373 1019 1530 1079 vada
1573 1018 1829 1095 turbida,
1873 1024 1931 1080 te
1975 1018 2135 1078 vada
2178 1018 2369 1095 nigra,

592 1125 672 1183 25
718 1121 809 1182 Te
856 1121 1033 1181 tellus
1076 1138 1336 1181 mersum
1383 1126 1617 1198 premat
1660 1120 1870 1193 infera,
1913 1124 1975 1181 te
2018 1121 2128 1182 sibi
2173 1118 2335 1180 nasei

711 1224 1037 1283 Tartareus
1083 1223 1286 1299 cupiat
1327 1222 1706 1298 Phlegethon
1751 1221 2119 1300 Stygiaeque
2165 1221 2447 1299 paludes:

714 1327 881 1385 Inter
924 1325 1176 1385 liventes
1221 1328 1433 1401 pereat
1476 1325 1579 1385 tibi
1625 1324 1824 1385 fulvor
1878 1342 2108 1402 arenae,

713 1429 843 1487 Neo
889 1430 1026 1504 post
1070 1425 1148 1486 ad
1192 1444 1448 1503 superos
1492 1427 1705 1488 redeat.
1745 1426 1919 1487 famis
1963 1445 2146 1487 aurea
2193 1399 2409 1504 puros!

467 1547 647 1552 Ψῄ-
678 1545 759 1552 0—-

642 1603 701 1653 19
749 1590 933 1640 enitur.
982 1618 1049 1627 —
1100 1602 1165 1639 20
1215 1590 1482 1655 patriaque
1533 1607 1734 1657 parens.
1794 1619 1861 1628 -
1921 1604 1986 1640 22
2022 1592 2185 1640 Porro
2237 1590 2375 1638 huic.
2434 1619 2502 1626 —
2561 1601 2626 1652 24
2662 1595 2712 1637 te

465 1678 605 1727 nuda
654 1676 816 1740 nigra.
869 1705 938 1712 -
973 1687 1035 1739 25
1074 1679 1230 1741 fimat.
1268 1704 1336 1712 —
1372 1676 1438 1724 26
1472 1676 1695 1740 flegeton
1732 1676 1965 1741 stigiaeq.
2003 1704 2070 1713 ——-
2104 1676 2170 1725 28
2207 1676 2380 1726 fameS.

472 1860 549 1909 19.
588 1848 652 1897 cf.
690 1847 927 1913 Propert.
964 1845 1058 1906 IV,
1102 1858 1179 1906 12,
1218 1855 1308 1908 505
1370 1846 1542 1897 Rutil.
1580 1848 1787 1896 Namat.
1823 1848 1866 1906 Ι,
1905 1856 2019 1910 357.

635 1934 914 1981 venditur:
969 1931 1328 1981 Lachmannus
1379 1933 1516 1981 Mus,
1566 1931 1742 1982 Rhen.
1797 1933 1922 1996 1845
1973 1949 2025 1998 p.
2071 1932 2170 1981 612
2228 1931 2358 1981 dixit
2412 1931 2509 1980 hac
2554 1932 2713 1981 forma

535 2019 788 2067 neminem
825 2017 1126 2083 scriptorem
1162 2024 1278 2066 ante
1313 2018 1396 2065 ΠΙ
1430 2034 1481 2082 p.
1521 2017 1641 2067 Chr.
1680 2018 1940 2067 saeculum
1976 2033 2124 2066 usum
2159 2033 2287 2067 esse.

468 2116 549 2153 20.
586 2105 744 2168 Prop.
791 2103 895 2161 IV,
939 2114 1025 2161 12,
1062 2101 1156 2165 48:
1217 2102 1420 2151 Aurum
1483 2118 1661 2152 omnes
1718 2103 1854 2152 victa
1912 2103 2015 2151 iam
2061 2103 2254 2168 pietate
2299 2101 2504 2162 colunt,
2563 2103 2712 2151 Auro

532 2189 683 2255 pulsa
716 2186 863 2246 fides,
900 2203 1025 2237 auro
1061 2187 1262 2237 venalia
1297 2188 1427 2247 iura,
1466 2189 1677 2237 Aurum
1712 2188 1795 2236 lex
1820 2188 2067 2253 sequitur,
2102 2203 2221 2237 mox
2246 2187 2354 2237 sine
2377 2188 2492 2251 lege
2514 2188 2710 2253 pudor:

531 2276 664 2323 Rut.
698 2273 853 2323 Nam.
888 2274 931 2332 Ι,
971 2273 1097 2335 361;
1145 2272 1288 2338 Sulp.
1327 2274 1460 2339 Lup.
1503 2283 1583 2336 15.
1770 2311 1784 2326 .

466 2371 547 2421 23.
585 2359 650 2408 cf.
687 2357 870 2423 Sibyll.
909 2374 1045 2409 orac.
1082 2359 1151 2417 H,
1194 2368 1319 2421 115:
1376 2350 1603 2427 Χρυσὲ,
1642 2359 1843 2410 κακῶν
1880 2348 2125 2426 ἄρχηγὲ,
2168 2351 2491 2427 βιοφθόρε,
2527 2345 2716 2410 πάντα

536 2435 859 2511 χαλέπτων,
897 2431 1049 2495 Εἴθε
1077 2458 1145 2495 σε
1180 2436 1258 2511 μὴ
1297 2444 1564 2510 θνητοῖσι
1601 2436 1883 2510 γενέσθαι
1918 2445 2080 2510 πῆμα
2114 2436 2413 2495 ποθεινόν.

466 2543 547 2594 24·
586 2523 735 2589 „loca
770 2528 1158 2592 turbida‘svult
1191 2530 1279 2578 Bs.
1318 2537 1370 2579 et
1406 2530 1492 2579 cst.
1530 2530 1690 2594 Verg.
1729 2531 1866 2580 Aen.
1893 2530 1988 2589 VI,
2015 2539 2141 2592 534;
2179 2530 2272 2579 sed
2307 2545 2425 2578 cum
2460 2528 2515 2578 in
2548 2529 2716 2595 primo

532 2615 753 2665 carmine
801 2620 1183 2664 enumerentur:
1245 2614 1416 2678 „nigri
1462 2630 1662 2673 maneS,
1714 2614 1923 2664 flumina
1970 2614 2175 2664 turbida
2190 2651 2203 2674 ‚
2254 2614 2488 2673 metalla,
2541 2614 2717 2664 limina

533 2699 672 2749 Ditis
707 2699 1087 2765 (Proserpina)“
1123 2715 1214 2765 per
1253 2698 1565 2766 anaphoram
1604 2700 1924 2766 pronominis
1949 2700 2177 2765 „quod,“
2201 2700 2390 2765 quibus
2412 2700 2468 2749 in
2492 2706 2717 2749 extremo

536 2785 754 2833 carmine
789 2785 1103 2849 respondent
1140 2785 1305 2844 „vada
1343 2785 1564 2844 turbida,
1603 2786 1734 2835 vada
1769 2785 1930 2849 nigra,
1969 2786 2139 2845 telluS‚
2174 2784 2503 2849 Phlegethon
2526 2785 2714 2849 (Stygi-

535 2884 695 2933 aeque
743 2869 1010 2935 paludes)“
1058 2885 1148 2935 per
1197 2868 1507 2935 anaphoram
1543 2871 1864 2936 pronominis
1902 2876 2019 2930 „te“
2056 2863 2354 2929 coniuncta,
2411 2885 2508 2934 ego
2554 2870 2719 2929 „vada

538 2954 776 3003 turbida“
814 2955 1146 3014 servandum,
1184 2956 1350 3014 „vada
1385 2956 1562 3019 nigra“
1601 2956 1903 3005 mutandum
1940 2972 2051 3005 esse
2089 2957 2252 3005 duco:
2300 2971 2430 3020 quae
2466 2954 2720 3004 sententia

535 3038 860 3089 confirmatur
896 3039 1092 3089 codicis
1137 3039 1363 3089 lectione
1402 3041 1575 3100 „nuda
1608 3042 1818 3104 nigraf‘‚
1868 3056 1962 3106 pro
2010 3057 2112 3106 qua
2146 3047 2469 3106 exspectatur
2501 3039 2717 3104 aliquid,

539 3124 680 3188 quod
714 3124 1027 3189 respondeat
1064 3125 1367 3184 ,‚manibus“
1405 3142 1558 3191 supra
1593 3126 2018 3176 commemoratis,

473 3218 553 3271 27.
590 3210 805 3256 liventes
848 3225 1076 3257 arenas.-
1129 3210 1392 3272 Vergilius
1438 3212 1492 3260 in
1542 3211 1894 3276 descriptione
1944 3211 2069 3260 Orci
2105 3211 2244 3261 Aen.
2282 3210 2376 3270 VI,
2413 3221 2537 3272 320:
2597 3209 2718 3259 illae

536 3293 689 3343 remis
724 3293 858 3342 vada
893 3292 1054 3342 livida
1088 3300 1330 3352 verrunt3
1368 3294 1497 3345 Stat.
1523 3296 1692 3345 Theb.
1719 3297 1812 3356 IV,
1840 3305 1962 3360 521:
1999 3296 2216 3345 liventes
2251 3294 2497 3345 Acheron
2533 3296 2720 3346 eiectat

534 3394 729 3429 arenaS.

624 3465 848 3530 fulvor:
883 3464 948 3513 cf.
975 3463 1166 3515 Catull.
1190 3465 1273 3527 64,
1295 3477 1404 3526 101,
1442 3466 1531 3515 ubi
1554 3464 1851 3516 Ritschelio
1876 3473 2083 3515 auctore
2105 3463 2381 3530 legendum
2407 3473 2512 3515 est:
2540 3466 2718 3528 Quam

535 3557 643 3599 tum
678 3564 831 3615 saepe
864 3550 1029 3614 magis
1063 3550 1260 3600 fulvore
1297 3550 1544 3618 expalluit
1576 3552 1704 3602 auri.

468 3635 551 3684 28.
590 3633 746 3696 Quod
781 3634 1057 3684 BaehrenS.
1080 3636 1305 3695 „fames“
1341 3636 1526 3686 ultima
1559 3637 1761 3702 syllaba
1796 3643 2031 3703 correpta
2066 3651 2267 3687 servare
2301 3637 2495 3696 noluit,
2531 3636 2714 3685 adsen-

537 3718 664 3778 tior,
719 3734 825 3769 non
871 3720 1162 3780 adsentior,
1217 3723 1361 3787 quod
1410 3722 1590 3782 „sitis“
1641 3722 1875 3788 scripsit:
1938 3721 2314 3786 Corrigendum
2357 3729 2435 3772 est
2483 3721 2714 3782 ‚,famis“.

537 3804 600 3853 cf.
639 3805 804 3855 Varro
829 3820 868 3854 r.
895 3821 936 3854 r.
964 3817 1011 3864 2,
1038 3813 1084 3867 5,
1116 3814 1203 3868 15;
1252 3808 1394 3856 Tert.
1421 3808 1505 3857 ad.
1530 3815 1634 3856 nat.
1668 3819 1709 3866 1,
1736 3819 1793 3870 93
1840 3822 2005 3872 scorp.
2037 3818 2124 3868 133
2161 3807 2410 3856 Prudent.
2449 3805 2714 3874 psychom.

536 3901 663 3952 4793
702 3890 870 3953 (Neue
895 3890 1154 3940 Formenl.
1181 3892 1209 3939 I
1233 3908 1284 3956 p.
1318 3891 1449 3955 180).
1518 3893 1741 3941 Venant.
1779 3890 1990 3940 miscell.
2026 3892 2094 3952 H,
2133 3905 2181 3953 4,
2224 3902 2301 3940 12.

636 3974 781 4024 V.28
807 3990 1010 4024 carmen
1035 3976 1101 4024 ad
1127 3974 1278 4025 finem
1301 3978 1606 4042 ‘perductum
1640 3992 1752 4026 esse
1776 3975 1995 4036 videtur,
2032 3975 2162 4024 nihil
2188 3975 2323 4023 enim
2349 3973 2713 4024 desideramus,
