3142 4809
597 529 955 588 quamquam
999 511 1144 571 illud
1191 513 1267 572 sit
1309 510 1447 585 (fit?
1494 515 1613 584 Bs.)
1634 558 1650 591 ,
1696 510 1852 591 'quia
1896 534 2109 576 novem
2156 517 2415 591 cingitur
2459 518 2714 579 circulis.

594 613 955 673 Tiberianus
1001 613 1176 674 etiam
1237 614 1470 675 inducit
1530 617 1845 692 epistolam
1905 621 2086 677 vento
2141 618 2380 677 allatam
2429 621 2503 679 ab
2547 620 2714 679 Anti-

592 713 863 792 podibus,
894 734 1052 792 quae
1084 717 1287 776 habet:
1339 717 1591 794 „Superi
1620 718 1827 778 inferis
1857 716 2184 789 salutem“;
2229 738 2352 797 qua
2395 722 2714 782 occasione

594 818 813 876 tractat
858 818 1227 894 reciprocum
1275 818 1391 879 hoc
1435 820 1599 895 quod
1649 820 1906 880 diximus
1951 838 2136 898 supra
2153 817 2220 893 4).

634 917 945 979 Hactenus
1018 919 1291 991 Servius;
1379 925 1578 980 cetera
1653 927 1851 983 autem
1930 922 2091 998 apud
2164 923 2548 1001 Fulgentinm
2624 926 2712 984 in-

463 1020 809 1097 veniuntur,
852 1022 956 1099 qui

462 1122 553 1182 111
596 1123 656 1182 in
700 1124 1028 1201 Mytholog.
1073 1126 1132 1195 1,
1179 1129 1258 1186 26
1322 1123 1404 1202 (p.
1455 1130 1534 1187 62
1603 1126 1693 1186 ed.
1741 1124 2058 1199 Muncker)
2117 1128 2268 1187 haec
2327 1127 2561 1187 scribit:
2621 1128 2712 1188 De

589 1226 883 1302 sanguine
941 1227 1070 1286 eius
1126 1227 1290 1286 nasci
1347 1226 1543 1288 fertur
1599 1229 1864 1305 Pegasus
1924 1230 1983 1288 in
2043 1228 2292 1304 figuram
2337 1228 2532 1292 famae
2576 1247 2711 1289 con-

589 1328 849 1387 stitutus.
952 1329 1154 1388 Virtus
1212 1330 1365 1389 enim
1386 1373 1403 1407 ‚
1461 1330 1602 1389 dum
1669 1333 1960 1390 terrorem
2016 1329 2440 1408 amputaverit,
2494 1330 2708 1391 famam

588 1433 854 1506 generat.
954 1430 1133 1490 Unde
1189 1435 1249 1490 et
1301 1432 1505 1491 volare
1562 1430 1783 1491 dicitur
1801 1475 1818 1509 ‚
1870 1433 2014 1509 quia
2073 1431 2232 1491 fama
2286 1436 2378 1492 est
2435 1432 2711 1493 volucris.

590 1532 977 1592 Tiberianus:
1044 1531 1352 1609 „Pegasus
1409 1534 1689 1593 hinniens
1754 1535 2091 1594 transvolat
2141 1530 2445 1595 aethram“
2521 1538 2710 1594 metro

592 1633 988 1710 asclepiadeo.

463 1735 548 1793 IV
591 1734 745 1795 idem
791 1736 852 1793 in
898 1735 1225 1812 Mytholog.
1271 1736 1384 1813 111,
1431 1741 1465 1797 7
1514 1735 1597 1815 (p.
1644 1739 1769 1799 120
1821 1736 2161 1811 Muncker):
2235 1740 2390 1798 Nam
2437 1742 2496 1799 et
2538 1738 2710 1799 Tibe-

588 1838 797 1898 rianus
856 1839 915 1897 in
961 1839 1318 1898 Prometheo
1366 1839 1450 1898 ait
1522 1839 1666 1900 deos
1713 1842 1953 1919 singula
1997 1859 2108 1901 sua
2152 1841 2378 1901 homini
2421 1841 2711 1902 tribuisse.

463 1939 519 1999 V·
593 1940 747 2000 idem
792 1940 852 1998 in
900 1939 1122 2017 Vergil.
1170 1942 1390 2001 contin.
1436 1938 1518 2018 (p.
1571 1946 1694 2003 154
1746 1940 2094 2015 Muncker):
2148 1943 2230 2003 At
2273 1962 2417 2003 vero
2461 1961 2708 2004 aureum
2765 1993 2768 1998 .

590 2042 753 2119 quod
800 2042 1073 2114 diximus,
1121 2039 1449 2104 claritatem
1496 2045 1812 2105 facundiae
1861 2046 2178 2122 designare
2223 2046 2547 2117 voluimus;
2593 2065 2710 2105 me-

592 2163 788 2205 mores
821 2146 1091 2205 Platonis
1122 2146 1477 2224 sententiae‚
1507 2148 1679 2207 cuius
1709 2147 2104 2207 hereditatem
2130 2145 2432 2223 Diogenes
2456 2148 2712 2226 Cynicus

591 2246 883 2308 invadens
928 2248 1071 2307 nihil
1114 2246 1199 2307 ibi
1244 2248 1380 2325 plus
1427 2267 1614 2308 aurea
1659 2248 1864 2325 lingua
1923 2249 2184 2319 invenit,
2245 2251 2310 2307 ut
2351 2247 2710 2309 Tiberianus

592 2349 652 2409 in
700 2349 848 2409 libro
895 2348 971 2409 de
1015 2350 1264 2410 Socrate
1310 2353 1615 2410 memorat.

460 2452 545 2512 VI
589 2449 742 2513 idem
799 2453 861 2511 in
918 2452 1166 2529 exposit.
1222 2469 1397 2510 serm.
1453 2453 1639 2528 antiq.
1705 2469 1750 2511 s.
1805 2471 1862 2510 v.
1906 2451 2160 2511 sudum:
2213 2450 2439 2511 Sudum
2494 2451 2709 2511 dicitur

590 2571 885 2614 serenum.
972 2550 1364 2612 Tiberianus:
1438 2553 1709 2626 „Aureos
1773 2553 2054 2614 subducit
2113 2554 2285 2629 ignes
2350 2552 2537 2611 sudus
2602 2570 2709 2611 ora

590 2653 887 2714 Lucifer.“
2209 2647 2213 2654 '

633 2756 803 2830 Quae
835 2753 1174 2831 fragmenta
1205 2772 1338 2813 cum
1381 2757 1525 2816 satis
1571 2760 1737 2816 certo
1783 2751 2004 2815 iudicio
2051 2756 2249 2842 omnia
2282 2754 2484 2815 'eidem
2522 2755 2708 2831 scrip-

457 2859 574 2919 tori
603 2856 895 2916 vindicari
925 2860 1042 2917 non
1076 2861 1346 2935 possunt,
1391 2862 1517 2917 tum
1553 2877 1630 2918 ex
1661 2859 1751 2935 iis,
1796 2876 1951 2935 quae
1983 2858 2113 2917 sub.
2159 2877 2215 2917 n.
2246 2855 2509 2917 III—VI
2553 2875 2707 2917 com-

459 2959 800 3037 memoravi,
843 2959 945 3018 vix
990 2960 1137 3018 certi
1183 2956 1508 3037 quidquam
1573 2956 1651 3019 de
1696 2959 2003 3021 Tiberiani
2064 2959 2307 3037 ingenio
2368 2978 2439 3019 ac
2494 2962 2708 3018 natura

460 3061 658 3139 colligi
700 3061 859 3122 licet.

631 3165 725 3223 Ex
786 3163 1133 3241 fragmentis
1194 3182 1338 3224 vero
1397 3164 1455 3223 in
1519 3164 1825 3224 codicibus
1871 3164 2110 3240 scriptis
2156 3181 2423 3239 carmen,
2482 3161 2578 3221 cui
2622 3161 2710 3221 in-

459 3268 748 3344 scriptum
793 3270 915 3345 est,
967 3284 1217 3344 „versus
1261 3266 1531 3326 Platonis
1593 3285 1632 3330 a
1675 3264 1941 3344 quodam
1985 3265 2309 3326 Tiberiano
2354 3263 2431 3323 de
2476 3262 2708 3324 Graeco

459 3370 521 3429 in
565 3369 845 3429 Latinum
888 3361 1197 3429 translati“
1239 3373 1379 3446 post
1421 3367 1716 3428 editiones
1765 3368 1841 3426 M.
1887 3367 2135 3442 Hauptii
2155 3364 2204 3436 ⁵)
2262 3370 2323 3425 ct
2365 3366 2410 3422 I.
2453 3361 2708 3436 Quiche-

461 3473 576 3533 rati
592 3469 643 3545 θ)
664 3516 678 3544 ‚
738 3489 892 3548 quae
953 3470 1204 3547 singulis
1268 3470 1439 3538 libris
1510 3469 1858 3529 nitebantur
1918 3467 1990 3526 A.
2048 3466 2284 3526 Riesius
2306 3463 2354 3538 ⁷)
2411 3464 2710 3525 recensuit

631 3636 673 3699 ⁴)
709 3635 874 3684 Servii
908 3634 1065 3683 verba
1098 3635 1153 3683 in
1186 3632 1619 3698 mythographum
1654 3631 1964 3681 Vaticanum
2000 3631 2080 3679 ΙΠ
2118 3632 2191 3696 (p.
2219 3641 2317 3693 204
2354 3630 2438 3679 ed.
2475 3629 2546 3679 A.
2580 3629 2708 3692 Mai)

462 3721 667 3771 fluxisse
701 3720 980 3771 BaehrenS.
1016 3720 1052 3769 1.
1080 3736 1125 3768 c.
1158 3735 1213 3784 p.
1253 3730 1317 3783 27
1354 3725 1583 3767 annotat.

632 3808 670 3870 ⁵)
707 3806 885 3857 Ovidii
940 3805 1261 3864 Halieutica‚
1315 3804 1483 3854 Gratii
1543 3810 1597 3853 et
1650 3801 1952 3851 Nemesiani
2011 3801 2204 3866 Cyneg.
2254 3807 2352 3850 cet.
2401 3816 2453 3865 p.
2491 3800 2574 3863 65.
2621 3799 2705 3862 (cf.

460 3909 513 3959 p.
549 3892 783 3956 XXVI).

630 3978 670 4040 Β)
698 3976 1074 4043 Bibliotheque
1123 3976 1187 4026 de
1230 3975 1415 4026 l’ecole
1465 3974 1556 4024 des
1593 3973 1793 4023 chartes
1828 3974 1908 4022 IV
1944 3989 1998 4039 p.
2036 3971 2136 4037 267
2173 3988 2251 4037 sq.
2288 3970 2416 4019 Sero
2452 3983 2707 4017 commen-

459 4063 589 4112 tario
620 4063 726 4112 iam
760 4062 990 4128 perfecto
1021 4062 1114 4111 illa
1148 4062 1310 4111 edi-tio
1346 4062 1413 4110 ad
1448 4076 1629 4112 manus
1664 4060 1763 4108 fuit
1776 4096 1790 4119 ,
1826 4058 1899 4107 ita
1945 4064 2004 4107 ut
2038 4071 2132 4123 per
2165 4056 2413 4123 temporis
2448 4053 2711 4118 angustias

460 4147 591 4196 nihil
624 4148 728 4195 fere
762 4147 969 4207 liceret,
1016 4148 1117 4196 nisi
1151 4163 1214 4196 ex
1246 4148 1379 4196 locis
1415 4163 1444 4195 a
1480 4144 1796 4209 Quicherato
1832 4143 2059 4192 laudatis
2096 4159 2187 4192 eos
2223 4142 2442 4201 addere,
2491 4139 2580 4205 qui
2615 4154 2710 4187 nos

461 4233 712 4296 fugerant.

631 4318 671 4379 ⁷)
707 4316 997 4381 Antholog.
1035 4319 1150 4369 Lat.
1188 4334 1233 4367 c.
1272 4329 1390 4383 490.
