3142 4809
447 331 531 393 24

329 524 337 532 ·
447 506 693 566 Timaeo
722 507 943 583 placita
973 509 1251 570 admixtis
1281 509 1735 589 Orphaicorum,
1777 513 2310 588 Pythagoreorum,
2354 510 2684 574 Stoicorum

447 610 754 668 sententiis
813 612 1125 687 compositi
1179 617 1335 672 sunt.
1435 613 1827 674 Accuratiore
1882 609 2079 675 autem
2123 616 2478 691 quaestione
2522 617 2687 676 insti-

447 714 579 770 tuta
622 714 923 772 auctorem
972 714 1248 773 carminis
1293 734 1411 775 non
1458 733 1533 775 ex
1578 715 1825 776 Timaeo
1867 718 1997 794 ipso
2050 715 2323 776 hausisse
2368 718 2687 779 verisimile

448 817 566 874 est:
634 815 961 874 sententiae
1029 817 1184 876 enim
1253 816 1335 876 ita
1400 816 1693 878 formatae
1756 822 1924 894 sunt,
1990 821 2057 878 ut
2122 818 2280 895 apud
2348 820 2685 895 Apuleium,

448 914 847 987 chalcidium,
904 918 1298 996 Macrobium,
1358 919 1507 982 alios
1565 918 1908 980 Platonicos
1968 951 2054 961 —
2111 939 2366 997 quorum
2428 910 2707 984 omnium‘

447 1018 686 1077 nomina
739 1036 1089 1080 enumerare
1134 1021 1373 1098 longum
1422 1025 1516 1081 est
1558 1054 1640 1061 --
1687 1025 1941 1083 exstant.
2039 1024 2163 1082 Iam
2219 1042 2353 1082 cum
2399 1024 2687 1084 nonnulla

447 1120 634 1179 verba
676 1121 737 1180 in
784 1121 897 1181 hoc
943 1104 1203 1183 carmine
1247 1124 1635 1184 inveniantur
1678 1142 1797 1184 non
1844 1129 1983 1184 ante
2013 1124 2342 1202 Apuleium,
2381 1131 2687 1203 usurpata,

448 1241 557 1299 per
600 1226 789 1283 totum
837 1227 1034 1284 autem
1080 1225 1226 1285 illud
1271 1229 1507 1303 tempus
1550 1226 1690 1286 inde
1748 1247 1784 1285 a
1826 1226 2149 1287 Posidonio
2206 1245 2400 1304 usque
2457 1226 2532 1302 ad
2579 1224 2683 1305 Sy-

447 1324 679 1385 rianum
727 1331 787 1385 et
817 1327 1091 1387 Proclum
1140 1329 1292 1388 ratio
1337 1329 1442 1387 illa
1471 1329 1675 1388 varias
1704 1329 2005 1389 variorum
2039 1329 2368 1390 sententias
2398 1327 2687 1389 miscendi

447 1429 724 1505 viguerit,
767 1428 882 1488 hoc
927 1446 1165 1488 carmen
1213 1434 1350 1507 post
1395 1431 1713 1507 Apuleium
1748 1432 2033 1508 scriptum
2065 1448 2197 1490 esse
2229 1433 2398 1508 sequi
2430 1430 2684 1491 videtur.
2765 1448 2767 1450 ’

619 1530 788 1603 Quae
841 1536 1174 1607 sequuntur
1236 1533 1294 1591 in
1353 1533 1522 1592 titulo
1583 1534 1800 1592 verba:
1854 1532 1963 1609 „de
2009 1533 2242 1593 Graeco
2302 1534 2362 1592 in
2409 1532 2684 1593 Latinum

446 1625 770 1708 translati“,
816 1651 946 1692 cum
996 1633 1212 1691 indicia
1257 1652 1377 1692 non
1422 1637 1760 1711 suppetant,
1805 1635 1865 1694 in
1912 1634 2104 1695 medio
2152 1636 2445 1712 relinque.

618 1733 916 1794 Praefatio
991 1739 1187 1794 autem
1255 1734 1370 1795 hoc
1437 1753 1675 1796 carmen
1748 1754 1879 1797 esse
1944 1736 2184 1797 videtur
2249 1737 2685 1814 cosmogoniae,

450 1836 733 1914 prooemii
779 1836 937 1895 illius
967 1836 1275 1915 simillima,
1320 1838 1396 1897 de
1433 1856 1552 1914 quo
1584 1840 1844 1898 Ioannes
1876 1839 2124 1899 Malalas
2154 1839 2483 1915 chronogr.
2512 1858 2571 1917 p.
2601 1841 2683 1899 88

448 1938 566 2012 (ed.
611 1938 803 1999 Oxou.
838 1942 1028 2016 16913
1075 1939 1146 1999 cf.
1177 1939 1394 2017 Georg.
1425 1940 1676 2000 Gedren.
1706 1941 1796 1999 ed.
1827 1942 2100 2001 Niebuhr
2132 1942 2158 2001 Ι
2197 1961 2254 2018 p.
2288 1944 2425 2012 101,
2461 1945 2534 2001 11
2571 1938 2683 2017 sq.)

448 2042 597 2100 haec
653 2042 852 2100 habet:
907 2025 1170 2119 Ὀρφεύς
1227 2033 1498 2117 ἐξέθετο
1560 2036 1930 2120 θεογονίαν
1986 2037 2099 2101 καὶ
2157 2032 2416 2121 κόσμου
2469 2036 2686 2101 κτίσιν

450 2137 563 2201 καὶ
608 2128 986 2222 ἀνθρώπου
1029 2139 1557 2224 πλαστουργίαν,
1603 2136 1880 2224 εἰρηκώς
1926 2138 1999 2205 ἐν
2041 2140 2124 2222 τῇ
2168 2130 2331 2224 ἀρχῇ
2371 2142 2498 2204 τοῦ
2530 2157 2682 2204 συν-

445 2235 785 2324 τάγματος
827 2229 1075 2320 αὗτοῦ,
1137 2231 1242 2305 ὅτι
1287 2239 1361 2305 ἐκ
1406 2243 1521 2328 τῆς
1582 2240 1753 2319 ἰδίας
1810 2232 2025 2306 αὐτοῦ
2076 2237 2516 2326 *ἐνθυμήσεως
2559 2231 2685 2305 οὐκ

446 2337 717 2424 ἐξέθετό
778 2343 843 2406 τί
902 2365 1072 2407 ποτε
1131 2344 1285 2428 περὶ
1345 2346 1515 2408 θεοῦ
1556 2335 1598 2430 ἢ
1641 2347 1759 2428 τῆς
1804 2344 2127 2428 κοσμικῆς
2180 2344 2488 2421 κτίσεως,
2543 2332 2684 2408 ἀλλ’

446 2439 668 2523 εἶπεν,
729 2438 835 2509 ὅτι
897 2436 1233 2534 ᾐτησάμην
1295 2437 1377 2510 δι’
1438 2436 1633 2530 εὐχῆς
1692 2450 1939 2530 μαθεῖν
1998 2438 2183 2531 παρὰ
2240 2446 2365 2511 τοῦ
2429 2445 2685 2526 Φοίβου

457 2550 730 2624 Τιτᾶνος
784 2537 1035 2616 Ἠελίου
1094 2540 1220 2632 τὴν
1278 2551 1404 2611 τοῦ
1461 2539 1722 2627 κόσμου
1783 2548 2000 2613 κτίσιν
2059 2549 2172 2612 καὶ
2228 2547 2328 2623 τίς
2372 2546 2686 2632 ἐποίησεν

449 2641 674 2733 αὐτήν.
770 2640 1151 2735 Ἐμφέρεται
1199 2646 1323 2734 γὰρ
1371 2649 1445 2715 ἐν
1490 2653 1571 2733 τῇ
1618 2641 1830 2715 αὐτοῦ
1877 2648 2139 2715 ἐκθέσει
2169 2641 2280 2714 διὰ
2305 2650 2685 2734 ποιητικῶν

396 2816 401 2820 ,
446 2753 689 2837 στίχων
736 2743 985 2828 οὕτως·

612 2848 684 2920 Ὦ
730 2850 858 2919 ἄνα
894 2856 1162 2940 Λητοῦς
1190 2847 1307 2934 υἱ”,
1351 2851 1732 2941 ἑκατηβόλε,
1763 2858 1977 2936 φοῖβε,
2021 2854 2314 2939 κραταιέ,
2358 2850 2473 2919 κτὲ
2516 2859 2686 2935 (Lob.

446 2965 739 3041 Aglaoph.
783 2983 839 3041 p.
884 2966 1012 3025 4'68
1058 2960 1188 3041 sq.).

617 3066 869 3127 Omnino
921 3067 1073 3126 enim
1122 3085 1248 3126 mos
1295 3072 1425 3126 erat
1469 3066 1771 3127 veteribus
1816 3066 2188 3143 philosophis
2239 3065 2493 3125 obscura
2534 3066 2682 3124 trac-

446 3169 709 3229 tantibus
770 3187 900 3228 cum
958 3169 1032 3228 ab
1091 3169 1363 3228 omnibus
1418 3169 1530 3228 diis
1576 3168 1925 3245 deabusque
1984 3172 2108 3227 tum
2173 3168 2322 3245 „rite
2366 3167 2440 3226 ab
2486 3185 2558 3227 eo
2603 3166 2685 3225 di-

447 3271 618 3330 cendi
664 3271 961 3349 principia
1006 3289 1237 3349 capere,
1281 3289 1457 3348 quem
1506 3288 1686 3330 unum
1721 3271 1979 3330 omnium
2012 3269 2257 3329 deorum
2293 3272 2352 3327 et
2382 3269 2682 3327 hominum

445 3392 646 3449 regem
694 3392 825 3433 esse
857 3391 1060 3434 omnes
1090 3372 1251 3432 docti
1282 3372 1630 3450 indoctique
1661 3369 2113 3431 consentirent.“
2200 3366 2345 3437 (Cic.
2377 3367 2451 3424 de
2482 3383 2607 3441 rep.
2637 3365 2681 3437 1,

449 3482 548 3555 36,
594 3480 699 3553 563
746 3476 819 3535 cf.
866 3478 1032 3537 Arat.
1077 3475 1300 3535 Phaen.
1345 3494 1398 3533 v.
1434 3481 1499 3551 13
1540 3475 1695 3533 Plat.
1724 3474 1874 3533 Tim.
1915 3474 1993 3531 27
2028 3469 2188 3543 O‚D;
2234 3466 2421 3543 Legg.
2459 3470 2583 3529 893
2609 3468 2682 3543 B3

445 3581 598 3639 Plot.
645 3578 909 3638 Ennead.
943 3580 1012 3655 V,
1046 3583 1100 3654 1,
1132 3582 1194 3653 63
1237 3573 1424 3647 alios).

450 3695 575 3703 Μ-
591 3694 703 3701 —0—..0
730 3694 817 3700 ...⁵-
836 3694 852 3700 -

445 3744 496 3793 13
532 3743 763 3792 doctrine
799 3750 851 3791 et
886 3742 1133 3807 quelques
1170 3739 1490 3806 expressions
1527 3738 1785 3786 devenues
1820 3735 2228 3788 sacramentelles
2252 3736 2379 3784 dans
2404 3750 2499 3785 son
2522 3734 2683 3785 ecole.

446 3830 621 3892 Quant
655 3831 685 3877 ὲ,
717 3828 769 3877 13
806 3827 1113 3893 conception
1148 3835 1201 3876 et
1234 3829 1264 3875 ὲ,
1297 3826 1347 3875 13
1371 3825 1496 3874 mise
1521 3840 1587 3873 en
1611 3839 1798 3872 oeuvre
1826 3823 1894 3872 du
1919 3837 2173 3880 morceau,
2208 3821 2246 3869 il
2269 3821 2379 3870 faut
2399 3819 2686 3869 l'attribuer

446 3930 563 3963 sans
613 3915 770 3963 doute
826 3917 856 3962 a
904 3912 1167 3978 quelquun
1215 3913 1279 3961 de
1326 3928 1411 3961 ces
1458 3910 1741 3975 mystiques
1785 3908 2134 3967 alexandrinS,
2189 3906 2278 3972 qui
2324 3905 2589 3955 mettaient
2632 3904 2686 3953 la

445 3999 609 4063 priere
648 4014 711 4047 au
748 3998 959 4047 nombre
999 3999 1087 4046 des
1126 3997 1329 4047 devoirs
1364 3997 1589 4061 imposes
1624 4011 1716 4061 par
1748 3994 1799 4045 la
1834 3991 2215 4060 philosophie.“
