3142 4809
2619 329 2702 394 28

717 506 1010 567 Texueris
1056 525 1324 585 numero,
1370 524 1493 583 quo
1538 525 1845 584 congrege
1890 505 2300 581 dissimilique,

718 607 1021 685 Quicquid
1063 609 1124 668 id
1169 614 1278 686 est,
1320 612 1604 686 vegetum
1650 627 1761 684 per
1805 607 2041 669 concita
2085 625 2342 683 corpora
2388 606 2552 666 vivit.

633 782 692 834 31
734 787 836 836 qua
871 772 938 822 R.
975 799 1042 809 —
1079 784 1144 836 32
1183 773 1324 837 quod
1359 787 1451 838 per
1487 772 1589 821 cita
1625 787 1841 837 corpora
1876 763 2001 820 u¹uit
2037 771 2106 821 R.

630 927 988 991 animamque:
1021 926 1257 977 Macrob.
1293 926 1346 975 in
1381 942 1546 976 somn.
1580 926 1721 991 Scip.
1743 927 1785 984 Ι,
1801 936 1913 984 xw,
1936 936 1991 987 3:
2018 924 2301 974 notandum
2325 930 2420 983 est,
2444 924 2588 989 quod
2609 923 2710 973 hoc

526 1009 646 1060 loco
691 1010 914 1060 animum
950 1015 1002 1058 et
1048 1018 1106 1060 ut
1149 1010 1354 1076 proprie
1402 1017 1454 1059 et
1496 1016 1554 1058 ut
1590 1009 1800 1059 abusive
1837 1010 2025 1059 dicitur
2060 1009 2261 1074 posuit:
2316 1008 2540 1058 Animus
2575 1008 2709 1058 enim

526 1094 733 1161 proprie
767 1110 912 1143 mens
949 1101 1051 1154 est,
1089 1110 1241 1160 quam
1279 1094 1583 1144 diviniorem
1630 1095 1797 1143 anima
1833 1110 1982 1143 nemo
2020 1094 2294 1152 dubitavit,
2332 1094 2423 1142 sed
2458 1109 2708 1143 nonnum-

531 1195 683 1245 quam
727 1178 801 1228 sic
837 1187 888 1229 et
924 1180 1141 1229 animam
1176 1186 1483 1246 usurpantes
1517 1195 1777 1229 vocamuS.

632 1266 740 1313 levi
767 1293 836 1301 —-
871 1280 1114 1313 numero:
1158 1266 1219 1314 In
1255 1281 1381 1315 voce
1419 1265 1615 1325 „levi“,
1654 1279 1786 1329 quae
1822 1271 1994 1313 utrum
2028 1264 2276 1312 mendosa
2312 1264 2378 1313 sit
2412 1279 2572 1312 necne
2607 1279 2712 1313 non

532 1349 656 1399 satis
700 1349 893 1414 liquet,
947 1350 1163 1400 fortasse
1208 1350 1335 1400 latet
1382 1350 1581 1414 aliquid
1630 1366 1691 1399 ex
1737 1350 1801 1398 iis
1846 1349 2118 1408 laudibus,
2174 1349 2363 1413 quibus
2397 1347 2714 1414 Pythagorei

528 1449 795 1484 numerum
839 1436 1181 1500 septenarium
1227 1436 1468 1486 extulere.
1542 1436 1607 1485 cf.
1657 1434 1893 1484 Chalcid.
1939 1450 2123 1483 comm.
2170 1434 2224 1483 in
2258 1432 2392 1484 Tim.
2430 1450 2474 1483 c.
2511 1443 2713 1497 35—37

531 1525 583 1568 et
626 1534 758 1584 quae
804 1518 934 1569 Alb.
978 1520 1252 1569 Fabricius
1299 1528 1350 1570 et
1395 1522 1578 1571 Ioann.
1628 1520 1885 1569 Meursius
1933 1520 1999 1568 ad
2045 1518 2082 1569 l.
2119 1535 2165 1569 c.
2220 1519 2609 1569 adnotaverunt.
2646 1547 2713 1555 —-

529 1604 708 1653 Possis
744 1603 896 1653 etiam
932 1604 1286 1669 „animamque
1323 1605 1441 1653 dei“
1488 1604 1558 1667 (h.
1598 1620 1643 1653 e.
1680 1604 1875 1667 mundi)
1913 1603 2162 1653 conicere.

465 1700 545 1752 31.
591 1690 873 1738 Texuerzlre
906 1689 1137 1738 Verbum
1172 1690 1398 1748 texendi,
1437 1705 1745 1754 quamquam
1780 1688 1835 1737 in
1858 1688 2074 1737 Timaeo
2112 1687 2311 1752 aliquid
2348 1687 2514 1736 simile
2551 1695 2715 1737 exstat

530 1773 888 1837 (διαπλακεῖν
920 1789 973 1839 p.
1012 1774 1075 1835 36
1110 1774 1204 1837 E),
1259 1781 1428 1823 tamen
1471 1775 1526 1823 in
1567 1774 1681 1840 ipsa
1724 1773 2060 1822 fabricatione
2105 1773 2395 1821 mundanae
2440 1773 2637 1822 animae
2686 1789 2715 1822 a

530 1859 750 1909 Platone
795 1875 902 1908 non
947 1858 1248 1918 adhibetur,
1305 1860 1448 1924 quod
1496 1858 1793 1925 saepissime
1828 1858 1887 1909 fit
1921 1874 1952 1906 a
1986 1857 2279 1907 Macrobi0.
2337 1858 2402 1906 cf.
2441 1873 2624 1909 comm.
2661 1858 2716 1907 in

531 1960 694 1995 somn.
729 1944 870 2010 Scip.
906 1945 950 2004 Ι,
985 1955 1060 2004 v1,
1095 1954 1186 2008 45;
1235 1944 1305 2004 H,
1338 1956 1397 2005 11,
1439 1956 1491 2003 ις
1539 1944 1611 2004 Π,
1635 1956 1692 2003 11,
1724 1956 1811 2006 14;
1864 1955 1954 2007 175
2007 1955 2098 2005 193
2148 1954 2239 2001 203
2286 1953 2376 2004 23;
2422 1942 2495 2005 11,
2516 1954 2595 2003 111,
2624 1955 2712 2002 11;

537 2041 626 2089 123
668 2038 756 2092 153
795 2037 893 2079 cet.

633 2113 874 2164 Ceterum
917 2114 1055 2163 hunc
1115 2129 1273 2163 unum
1319 2129 1519 2163 versum
1568 2112 1912 2176 Quicheratus
1956 2112 2124 2162 minus
2169 2119 2306 2162 recte
2353 2113 2714 2179 interpretatus

531 2206 635 2249 est:
692 2199 837 2248 locus
881 2199 1017 2248 enim
1062 2199 1260 2265 Apulei
1297 2200 1381 2262 (de
1419 2200 1592 2263 dogm.
1630 2198 1766 2250 Plat.
1792 2200 1818 2247 I
1843 2214 1887 2247 c.
1916 2210 1973 2262 73
2012 2198 2075 2248 cf.
2108 2197 2244 2247 Plat.
2282 2198 2415 2247 Tim.
2441 2214 2494 2264 p.
2522 2209 2587 2261 30
2611 2214 2715 2264 sq.;

532 2293 594 2348 52
631 2285 683 2333 D
694 2300 707 2343 ;
755 2293 818 2348 53
854 2285 900 2333 B
937 2285 1034 2349 sq.)
1092 2284 1158 2333 ab
1216 2300 1278 2333 eo
1333 2283 1574 2333 laudatus
1631 2300 1737 2333 non
1781 2284 1846 2332 de
1891 2283 2058 2333 anima
2101 2282 2307 2342 mundi,
2361 2283 2455 2332 sed
2499 2284 2565 2332 de
2612 2284 2712 2333 ele-

529 2369 713 2419 mentis
747 2377 842 2419 est.

629 2471 732 2519 quo
766 2471 1032 2518 congrege
1066 2456 1409 2519 dissimilique
1423 2471 1441 2501 .·
1477 2455 1646 2503 anima
1680 2454 1939 2506 mundana
1975 2469 2037 2503 ex
2073 2454 2288 2503 diversis
2325 2454 2557 2519 partibus
2592 2469 2713 2503 con·

527 2540 646 2590 flata
681 2539 997 2604 significatur
1034 2539 1187 2604 (Tim.
1224 2556 1275 2606 p.
1315 2549 1376 2602 35
1415 2540 1471 2588 A
1508 2556 1617 2605 sq.;
1655 2556 1707 2605 p.
1747 2551 1811 2603 37
1846 2539 1902 2590 A
1939 2555 2045 2604 sq.;
2096 2541 2161 2590 cf.
2187 2540 2420 2589 Macrob.
2460 2540 2515 2589 in
2550 2555 2713 2590 somn.

530 2625 669 2692 Scip.
705 2625 742 2675 l.
777 2626 861 2689 c.).

632 2727 898 2773 congrex.-
955 2725 1106 2759 nemo
1165 2716 1284 2759 ante
1339 2708 1628 2775 Apuleium
1689 2703 1834 2772 (Met.
1873 2710 2003 2768 VH,
2047 2710 2127 2773 16)
2183 2709 2282 2759 hac
2340 2725 2467 2760 voce
2526 2710 2714 2763 utitur3

533 2795 595 2845 cf.
623 2796 772 2844 PerV.
792 2795 925 2846 Ven.
946 2809 1040 2858 433
1077 2795 1296 2844 Tertull.
1324 2796 1388 2844 de
1412 2810 1565 2860 poen.
1598 2807 1651 2842 11
1676 2812 1689 2852 ;
1727 2795 1976 2844 Prudent.
2004 2802 2183 2844 contra
2203 2793 2491 2859 Symmach.
2510 2795 2579 2853 Π,
2597 2795 2715 2858 634.

466 2891 548 2941 32.
586 2880 817 2930 Macrob.
854 2880 908 2929 in
946 2895 1108 2931 somn.
1148 2881 1287 2946 Scip.
1324 2882 1401 2938 Π,
1441 2891 1499 2943 3,
1540 2892 1632 2929 11:
1691 2881 1812 2946 Ipsa
1866 2908 1930 2918 —-
1977 2880 2157 2930 mundi
2206 2880 2375 2930 anima
2427 2879 2717 2929 viventibus

533 2965 771 3015 omnibus
795 2966 952 3015 vitam
976 2966 1246 3016 ministrat.
1271 2994 1340 3002 -
1364 2965 1575 3015 Codicis
1600 2967 1668 3014 R.
1693 2965 1971 3015 lectionem
2006 2966 2170 3015 secuti
2206 2973 2327 3016 sunt
2360 2966 2591 3025 RiesiuS,
2628 2965 2717 3030 qui

532 3050 683 3100 finem
720 3052 898 3100 deesse
934 3046 1151 3117 putavit,
1188 3059 1240 3100 et
1273 3050 1636 3110 BaehrensiuS,
1673 3051 1764 3115 qui
1800 3049 2049 3100 coniecit:
2088 3050 2368 3115 „Quidque
2393 3050 2450 3099 id
2477 3050 2544 3100 sit
2566 3065 2715 3113 vege·

535 3141 702 3183 tum“:
759 3142 810 3183 at
855 3133 953 3184 hac
999 3135 1224 3184 lectione
1261 3143 1472 3201 accepta
1519 3151 1627 3185 non
1678 3135 1845 3186 anima
1888 3135 2067 3184 mundi
2103 3136 2258 3185 vitam
2293 3134 2572 3195 ministrat,
2626 3136 2717 3184 sed

536 3217 674 3267 aliud
710 3218 888 3268 nescio
925 3219 1050 3283 quid
1087 3235 1211 3285 „per
1246 3220 1345 3268 cita
1380 3234 1597 3286 corpora
1631 3215 1812 3270 vivit.“

639 3648 869 3722 Quibus
929 3649 1192 3726 peractis
1252 3654 1433 3726 atque
1495 3651 1835 3711 constitutis
1894 3670 2109 3711 nomen
2157 3651 2427 3711 Platonis
2474 3652 2719 3712 carmini

473 3751 824 3827 inscriptum
871 3750 1193 3811 delendum
1241 3770 1370 3812 esse
1416 3758 1668 3831 apparet
1692 3749 1783 3825 13).
1870 3752 2017 3826 Quis
2062 3754 2238 3829 enim,
2281 3756 2349 3813 ut
2391 3753 2508 3814 alia
2551 3771 2720 3831 prae-

466 3853 810 3931 termittam,
855 3852 1189 3914 mediocres
1220 3855 1330 3913 hos
1359 3873 1571 3915 versus
1601 3854 1872 3915 Platonis
1903 3855 2123 3915 nomini
2167 3854 2455 3914 addicat?
2501 3855 2719 3929 Quam-

468 3971 647 4029 quam
710 3956 890 4031 igitur
946 3956 1217 4016 Platonis
1277 3960 1440 4017 certe
1501 3976 1623 4017 non
1683 3962 1850 4029 sunt,
1904 3961 2166 4017 attamen
2213 3956 2289 4016 ad
2345 3957 2614 4019 Platonis
2657 3959 2717 4018 in

642 4071 876 4078 -.-.--......

643 4118 701 4182 ¹⁸)
736 4119 1032 4182 Quicherat.
1068 4120 1106 4172 1.
1140 4121 1177 4172 1.
1215 4138 1267 4187 p.
1306 4121 1434 4183 269:
1484 4123 1737 4186 „Rayons
1782 4121 1830 4170 le
1877 4137 1998 4171 nom
2045 4122 2109 4170 de
2146 4120 2334 4170 Platon
2369 4121 2435 4170 de
2469 4121 2520 4170 la
2555 4122 2719 4188 place,

469 4202 537 4254 oii
578 4203 648 4253 l’a
693 4204 791 4254 mis
838 4221 956 4255 sans
1004 4207 1160 4256 doute
1212 4223 1281 4256 un
1317 4207 1517 4272 copiste
1551 4206 1808 4270 ignorant.
1879 4207 2021 4256 Rien
2055 4222 2120 4255 ne
2155 4206 2230 4255 lui
2267 4205 2558 4271 appartient
2595 4207 2721 4254 dans

468 4304 527 4338 ce
563 4304 664 4354 que
699 4289 852 4340 laisse
889 4291 1143 4356 entrevoir
1177 4290 1228 4341 la
1263 4291 1522 4341 mediocre
1559 4291 1853 4341 traduction
1890 4293 1955 4341 de
1992 4290 2304 4339 Tiberianus
2321 4326 2334 4349 ,
2378 4288 2515 4346 rien,
2573 4289 2723 4338 sinon
