3142 4809
409 321 493 386 28

415 499 549 559 bico
608 500 772 562 inter
823 504 1002 564 arsim
1065 505 1123 564 11
1176 509 1236 565 et
1290 506 1372 564 IV
1431 507 1656 583 posito,
1719 504 2033 566 dicendum
2093 508 2184 564 est
2236 523 2526 583 nusquam
2573 523 2652 566 ne

410 601 753 663 subtiliores
797 605 1040 681 quidem
1084 605 1305 684 pedum
1351 608 1519 683 leges
1563 607 1846 684 migratas
1892 626 2040 668 esse.

591 723 842 784 Restant
886 725 1193 798 elisiones,
1239 745 1392 804 quae
1436 726 1591 787 binis
1634 726 1778 787 locis
1823 728 2136 804 longarum
2182 725 2323 807 (19,
2366 723 2491 804 22),
2535 746 2651 787 me-

412 821 644 883 diarum
693 823 774 901 (9,
829 828 948 904 15),
991 828 1263 887 brevium
1309 826 1399 900 (6,
1447 826 1552 902 20)
1599 832 1862 900 exstaut;
1906 833 2086 906 atque
2132 847 2336 889 omnes
2381 831 2545 888 recte
2588 846 2652 888 se

413 926 672 1004 habent,
720 928 832 988 nisi
880 929 1041 1005 quod
1087 931 1270 991 semel
1313 930 1374 990 in
1418 931 1573 991 thesi
1619 931 1677 990 11
1720 935 2036 1008 praesente
2082 948 2334 992 caesura
2378 929 2650 1006 semiqui-

413 1029 583 1088 naria
626 1030 820 1089 media
864 1031 1095 1108 syllaba
1141 1032 1285 1093 elisa
1333 1036 1425 1092 est
1468 1030 1550 1105 (v.
1587 1035 1667 1109 9),
1714 1036 1775 1093 et
1817 1033 2003 1094 semel
2046 1033 2203 1111 pede
2245 1033 2439 1111 primo
2483 1033 2651 1093 elisio

411 1130 721 1207 spondiaci
778 1133 945 1192 verbi
1003 1134 1064 1193 in
1124 1134 1289 1194 brevi
1338 1134 1596 1194 admissa
1654 1139 1744 1195 est
1801 1130 1878 1210 (v.
1929 1133 2067 1212 19);
2110 1134 2213 1195 sed
2260 1135 2359 1194 hic
2404 1139 2652 1212 paratur

411 1233 589 1292 venia
633 1235 886 1311 repetito
933 1235 1060 1295 auri
1094 1237 1418 1308 vocabulo;
1464 1238 1647 1297 semel
1684 1231 1997 1314 praeterea
2027 1237 2347 1298 trochaeus
2378 1238 2438 1296 in
2470 1238 2653 1313 longa

411 1339 591 1394 acuta
634 1337 813 1398 elisus
857 1342 948 1399 est
990 1337 1070 1411 (v.
1118 1335 1199 1411 6).

584 1455 815 1532 Itaque,
860 1463 926 1516 ut
970 1459 1168 1518 omnia
1212 1459 1565 1535 colligamus
1620 1457 1779 1532 (nam
1838 1458 1913 1518 de
1956 1456 2264 1535 productis
2308 1458 2551 1532 syllabis
2594 1461 2655 1518 et

417 1556 493 1616 de
540 1574 573 1615 0
619 1556 814 1616 finalis
860 1560 1194 1635 quantitate
1241 1561 1390 1620 nihil
1433 1561 1792 1620 monendum
1838 1558 1970 1634 est),
2017 1578 2376 1636 quamquam
2421 1560 2480 1618 in
2528 1577 2654 1618 car-

415 1659 585 1718 minis
638 1677 912 1720 sermone
969 1661 1261 1738 quaedam
1309 1663 1702 1739 corruptioris
1755 1662 2096 1722 Latinitatis
2140 1662 2410 1721 maculae
2452 1661 2655 1720 insunt

417 1779 613 1837 neque
658 1762 983 1822 sententiae
1030 1763 1348 1824 verborum
1395 1765 1604 1842 copiae
1649 1762 2037 1842 respondent,
2080 1769 2278 1822 tamen
2317 1763 2378 1822 in
2411 1763 2656 1823 metrica

415 1863 716 1922 Tiberiani
763 1869 892 1923 arte
938 1867 1209 1942 pauculis
1253 1867 1518 1943 exceptis
1563 1866 1710 1926 nihil
1753 1866 2018 1926 offendit.

538 1983 764 2042 ‘Nunc
849 1983 924 2042 ad
1009 2002 1247 2045 carmen
1326 1987 1384 2045 11
1457 1985 1759 2047 transiens
1833 2002 1989 2062 quae
2063 1984 2363 2045 inferioris
2435 1983 2657 2044 Latini-

417 2085 554 2143 tatis
620 2091 761 2144 sunt
828 2088 1087 2147 afferam.
1216 2089 1369 2148 Sunt
1450 2106 1594 2148 vero
1656 2087 1837 2146 haec:
1903 2107 1958 2146 v.
2012 2090 2080 2146 2:
2149 2087 2398 2161 milleni,
2477 2105 2533 2145 v.
2586 2090 2656 2146 4:

417 2187 632 2245 affatus
694 2186 956 2263 (passive
1031 2193 1445 2268 usurpatum);
1519 2209 1574 2249 V.
1630 2195 1735 2250 11:
1798 2190 2092 2250 involvier
2159 2187 2259 2260 (ex
2332 2190 2657 2248 imitatione

417 2286 857 2367 antiquorum);
932 2310 984 2348 v.
1036 2297 1143 2353 13:
1205 2298 1439 2351 austum
1501 2290 1602 2365 (cf.
1647 2292 1886 2363 „famis“
1932 2292 1974 2363 Ι,
2022 2290 2161 2370 28);
2222 2312 2274 2350 v.
2323 2296 2434 2352 23:
2495 2294 2657 2350 totus

418 2409 527 2467 pro
574 2392 863 2464 „omnis“;
909 2413 962 2452 v.
997 2398 1106 2456 29:
1153 2394 1522 2471 mundanus3
1569 2413 1623 2453 v.
1655 2399 1767 2456 31:
1813 2411 2092 2473 congrex.
2534 2370 2552 2389 ο

588 2511 802 2588 Neque
846 2513 928 2573 ita
972 2515 1308 2574 elocutione
1353 2532 1388 2572 a
1434 2515 1694 2575 carmine
1740 2517 1765 2574 1
1813 2515 2123 2592 abhorret,
2182 2517 2248 2573 ut
2304 2531 2426 2572 non
2480 2528 2658 2587 quae-

421 2613 553 2672 dam
588 2615 826 2691 utrique
872 2616 1207 2676 communia
1245 2617 1648 2693 inveniantur,
1692 2617 1892 2693 qualia
1921 2621 2091 2675 sunt:
2136 2615 2308 2690 copia
2336 2615 2658 2674 verborum

420 2715 719 2775 interdum
782 2719 1184 2794 superfluens,
1260 2737 1379 2796 qua
1447 2720 1495 2779 si
1567 2739 1686 2779 non
1748 2720 2148 2779 obscurantur
2207 2734 2303 2776 res
2360 2720 2663 2791 tractatae,

422 2824 585 2877 certe
615 2838 733 2879 non
768 2818 1167 2896 expediuntur
1199 2819 1297 2894 (cf.
1328 2840 1386 2882 v.
1421 2827 1497 2883 12
1529 2838 1645 2897 sq.:
1691 2822 1905 2881 iterum
1942 2820 2196 2881 reduces
2227 2851 2304 2859 —
2338 2818 2551 2878 referri
2579 2844 2662 2857 ·-

421 2919 597 2980 edeat
654 2950 740 2960 ——·-
800 2922 1172 2999 refluumque
1230 2925 1444 2984 iterum
1505 2923 1640 3002 fiat3
1697 2943 1790 2982 vv.
1858 2926 2163 2998 18—203
2222 2940 2277 2980 V.
2331 2924 2443 2981 26:
2503 2937 2664 2979 crea·

421 3026 519 3082 tus
562 3053 648 3061 —
691 3023 930 3099 genitus
968 3055 1054 3067 ——
1099 3024 1350 3104 factus);
1394 3027 1569 3088 etiam
1618 3026 1963 3103 anaphorae
2005 3024 2201 3101 figura
2244 3023 2475 3083 duobus
2517 3021 2664 3082 locis

422 3130 714 3202 usurpata
760 3132 850 3186 est
893 3126 974 3200 (v.
1008 3133 1075 3206 73
1121 3148 1178 3188 v.
1207 3127 1540 3205 21-23);
1603 3147 1796 3205 neque
1843 3128 2061 3188 absunt
2118 3125 2350 3203 periodi
2392 3125 2529 3184 illae
2573 3141 2662 3182 re-

425 3227 642 3287 lativae
688 3229 763 3289 de
809 3230 1026 3306 quibus
1071 3230 1194 3290 dixi
1240 3231 1331 3309 (13
1379 3235 1447 3309 23
1493 3228 1591 3309 5),
1652 3235 1711 3290 et
1763 3230 2003 3290 omnino
2050 3227 2419 3288 substantiva
2464 3224 2662 3284 multis

423 3331 724 3391 attributis
768 3332 1142 3394 illustrantur
1188 3335 1284 3392 vel
1331 3335 1532 3410 potius
1578 3336 1923 3394 onerantur.

594 3452 706 3513 Sed
755 3454 814 3511 in
860 3472 926 3512 re
971 3454 1233 3530 metrica,
1279 3453 1469 3513 levius
1511 3453 1660 3512 illud
1707 3453 1751 3511 si
1800 3449 2116 3520 excludes,
2161 3445 2322 3525 quod
2369 3448 2406 3505 9
2450 3461 2663 3503 versus

424 3555 794 3629 dactylorum
842 3554 927 3633 (6,
972 3559 1029 3632 9,
1078 3560 1173 3631 12,
1223 3559 1319 3633 14,
1368 3559 1469 3631 18,
1514 3558 1615 3633 24,
1660 3559 1760 3632 30,
1805 3558 1903 3631 31,
1948 3550 2082 3626 32),
2145 3556 2179 3612 7
2227 3566 2437 3610 versus
2488 3564 2664 3624 spou-

424 3656 669 3716 deorum
717 3654 800 3732 (2,
845 3661 901 3733 4,
947 3659 1047 3734 25,
1092 3661 1207 3735 29;
1256 3661 1310 3728 5,
1347 3661 1441 3728 11,
1473 3659 1579 3727 28)
1628 3654 1996 3716 abundantia
2040 3654 2317 3714 laborant
2337 3648 2430 3729 ¹⁴),
2474 3648 2669 3709 omnia

423 3757 552 3820 fere
597 3760 917 3820 concinent
960 3778 1094 3819 cum
1144 3761 1404 3821 carmine
1449 3759 1672 3838 priore.
1753 3758 2008 3818 Duobus
2053 3756 2207 3816 enim
2253 3752 2429 3830 locis,
2485 3756 2552 3810 ut
2594 3749 2669 3808 ad

425 3863 667 3939 singula
712 3863 1184 3941 progrediamur,
1227 3861 1385 3923 idem
1430 3861 1747 3937 rhythmus
1791 3861 2171 3920 continuatus
2216 3858 2307 3915 est
2351 3849 2669 3928 (19—-203

426 3963 752 4042 31—32);
795 3965 1010 4027 breves
1054 3969 1247 4026 autem
1297 3965 1562 4041 syllabae
1595 3994 1677 4003 —
1716 3978 2075 4039 quamquam
2123 3959 2241 4019 hoc
2285 3955 2524 4033 quidem
2571 3954 2672 4012 mi-

425 4066 589 4127 noris
633 4069 908 4127 momenti
955 4073 1048 4127 est
1091 4098 1173 4107 -
1216 4067 1277 4127 in
1335 4068 1604 4127 vocalem
1670 4069 1955 4124 exeuntes
2015 4066 2228 4138 quater
2285 4058 2347 4117 in
2405 4060 2671 4118 extremo

689 4217 792 4226 muna—-

601 4302 656 4364 ¹⁴)
692 4302 773 4349 De
808 4315 888 4347 VV·
928 4312 973 4363 7,
1016 4309 1092 4362 15,
1136 4310 1211 4362 17,
1247 4310 1312 4362 23
1349 4298 1414 4347 cs.
1458 4314 1591 4362 quae
1630 4312 1780 4362 supra
1816 4312 1868 4361 p.
1909 4305 1970 4358 27
2009 4294 2250 4343 diximus.
