<?xml version="1.0" encoding="UTF-8"?>
<!DOCTYPE html PUBLIC "-//W3C//DTD XHTML 1.0 Transitional//EN"
    "http://www.w3.org/TR/xhtml1/DTD/xhtml1-transitional.dtd">
<html xmlns="http://www.w3.org/1999/xhtml" xml:lang="en" lang="en">
 <head>
  <title>
</title>
<meta http-equiv="Content-Type" content="text/html;charset=utf-8" />
  <meta name='ocr-system' content='tesseract 3.04.00' />
  <meta name='ocr-capabilities' content='ocr_page ocr_carea ocr_par ocr_line ocrx_word'/>
</head>
<body>
  <div class='ocr_page' id='page_1' title='image "./detiberianiquae00tibegoog_0009.png"; bbox 0 0 3142 4809; ppageno 0'>
   <div class='ocr_carea' id='block_1_1' title="bbox 374 1236 2637 3197">
    <p class='ocr_par' dir='ltr' id='par_1_1' title="bbox 374 1236 2623 1769">
     <span class='ocr_line' id='line_1_1' title="bbox 547 1236 2614 1359; baseline -0.004 -11"><span class='ocrx_word' id='word_1_1' title='bbox 547 1236 670 1349; x_wconf 84' lang='lat' dir='ltr'>De</span> <span class='ocrx_word' id='word_1_2' title='bbox 714 1288 1015 1347; x_wconf 79' lang='lat' dir='ltr'>Tiberiani</span> <span class='ocrx_word' id='word_1_3' title='bbox 1072 1286 1201 1345; x_wconf 87' lang='lat' dir='ltr'>vita</span> <span class='ocrx_word' id='word_1_4' title='bbox 1245 1286 1649 1359; x_wconf 79' lang='lat' dir='ltr'>Hieronymus</span> <span class='ocrx_word' id='word_1_5' title='bbox 1705 1282 1910 1341; x_wconf 81' lang='lat' dir='ltr'>chron.</span> <span class='ocrx_word' id='word_1_6' title='bbox 1962 1280 2036 1339; x_wconf 89' lang='lat' dir='ltr'>ad</span> <span class='ocrx_word' id='word_1_7' title='bbox 2084 1300 2136 1340; x_wconf 94' lang='lat' dir='ltr'>a.</span> <span class='ocrx_word' id='word_1_8' title='bbox 2183 1280 2403 1339; x_wconf 86' lang='lat' dir='ltr'>Abrah.</span> <span class='ocrx_word' id='word_1_9' title='bbox 2450 1282 2614 1340; x_wconf 80' lang='lat'><strong>2352</strong></span> 
     </span>
     <span class='ocr_line' id='line_1_2' title="bbox 374 1382 2618 1465; baseline -0.007 -10"><span class='ocrx_word' id='word_1_10' title='bbox 374 1416 458 1438; x_wconf 93' lang='lat'>=</span> <span class='ocrx_word' id='word_1_11' title='bbox 503 1394 625 1454; x_wconf 88' lang='lat'>336</span> <span class='ocrx_word' id='word_1_12' title='bbox 671 1408 728 1465; x_wconf 91' lang='lat' dir='ltr'>p.</span> <span class='ocrx_word' id='word_1_13' title='bbox 761 1389 898 1448; x_wconf 83' lang='lat' dir='ltr'>Chr.</span> <span class='ocrx_word' id='word_1_14' title='bbox 935 1390 1089 1448; x_wconf 84' lang='lat' dir='ltr'>haec</span> <span class='ocrx_word' id='word_1_15' title='bbox 1135 1387 1338 1446; x_wconf 87' lang='lat' dir='ltr'>habet:</span> <span class='ocrx_word' id='word_1_16' title='bbox 1390 1385 1783 1457; x_wconf 79' lang='lat' dir='ltr'>„Tiberianus</span> <span class='ocrx_word' id='word_1_17' title='bbox 1827 1386 1920 1442; x_wconf 90' lang='lat' dir='ltr'>vir</span> <span class='ocrx_word' id='word_1_18' title='bbox 1966 1383 2230 1441; x_wconf 87' lang='lat' dir='ltr'>disertus</span> <span class='ocrx_word' id='word_1_19' title='bbox 2276 1382 2618 1459; x_wconf 76' lang='lat' dir='ltr'>praefectus</span> 
     </span>
     <span class='ocr_line' id='line_1_3' title="bbox 375 1483 2619 1571; baseline -0.005 -18"><span class='ocrx_word' id='word_1_20' title='bbox 375 1493 678 1571; x_wconf 87' lang='lat' dir='ltr'>praetorio</span> <span class='ocrx_word' id='word_1_21' title='bbox 724 1491 947 1551; x_wconf 85' lang='lat' dir='ltr'>Gallias</span> <span class='ocrx_word' id='word_1_22' title='bbox 993 1489 1198 1566; x_wconf 79' lang='lat' dir='ltr'>regit.“</span> <span class='ocrx_word' id='word_1_23' title='bbox 1292 1488 1388 1548; x_wconf 90' lang='lat' dir='ltr'>Ad</span> <span class='ocrx_word' id='word_1_24' title='bbox 1435 1486 1693 1547; x_wconf 87' lang='lat' dir='ltr'>eundem</span> <span class='ocrx_word' id='word_1_25' title='bbox 1738 1486 2124 1546; x_wconf 85' lang='lat' dir='ltr'>Tiberianum</span> <span class='ocrx_word' id='word_1_26' title='bbox 2172 1488 2367 1559; x_wconf 87' lang='lat' dir='ltr'>reete,</span> <span class='ocrx_word' id='word_1_27' title='bbox 2426 1487 2494 1542; x_wconf 88' lang='lat' dir='ltr'>ut</span> <span class='ocrx_word' id='word_1_28' title='bbox 2535 1483 2619 1541; x_wconf 89' lang='lat' dir='ltr'>vi-</span> 
     </span>
     <span class='ocr_line' id='line_1_4' title="bbox 377 1585 2623 1671; baseline -0.004 -17"><span class='ocrx_word' id='word_1_29' title='bbox 377 1594 580 1671; x_wconf 86' lang='lat' dir='ltr'>detur,</span> <span class='ocrx_word' id='word_1_30' title='bbox 640 1594 973 1653; x_wconf 87' lang='lat' dir='ltr'>Teuffelius</span> <span class='ocrx_word' id='word_1_31' title='bbox 998 1590 1044 1664; x_wconf 84' lang='lat'>¹)</span> <span class='ocrx_word' id='word_1_32' title='bbox 1104 1593 1348 1651; x_wconf 75' lang='lat' dir='ltr'>revocat</span> <span class='ocrx_word' id='word_1_33' title='bbox 1403 1594 1526 1670; x_wconf 83' lang='lat' dir='ltr'>tres</span> <span class='ocrx_word' id='word_1_34' title='bbox 1584 1589 1751 1664; x_wconf 88' lang='lat' dir='ltr'>leges</span> <span class='ocrx_word' id='word_1_35' title='bbox 1812 1586 2037 1647; x_wconf 83' lang='lat' dir='ltr'>eodiois</span> <span class='ocrx_word' id='word_1_36' title='bbox 2094 1585 2498 1646; x_wconf 89' lang='lat' dir='ltr'>Theodosiani</span> <span class='ocrx_word' id='word_1_37' title='bbox 2561 1588 2623 1644; x_wconf 89' lang='lat' dir='ltr'>et</span> 
     </span>
     <span class='ocr_line' id='line_1_5' title="bbox 375 1686 1989 1769; baseline -0.005 -14"><span class='ocrx_word' id='word_1_38' title='bbox 375 1695 694 1756; x_wconf 86' lang='lat' dir='ltr'>Justiniani</span> <span class='ocrx_word' id='word_1_39' title='bbox 738 1694 813 1752; x_wconf 89' lang='lat' dir='ltr'>ad</span> <span class='ocrx_word' id='word_1_40' title='bbox 859 1693 1248 1752; x_wconf 76' lang='lat' dir='ltr'>Tiberianam</span> <span class='ocrx_word' id='word_1_41' title='bbox 1296 1691 1597 1769; x_wconf 81' lang='lat' dir='ltr'>quendam</span> <span class='ocrx_word' id='word_1_42' title='bbox 1643 1691 1900 1767; x_wconf 79' lang='lat' dir='ltr'>scriptas</span> <span class='ocrx_word' id='word_1_43' title='bbox 1923 1686 1989 1761; x_wconf 83' lang='lat'>2).</span> 
     </span>
    </p>

    <p class='ocr_par' dir='ltr' id='par_1_2' title="bbox 545 1794 1755 1873">
     <span class='ocr_line' id='line_1_6' title="bbox 545 1794 1755 1873; baseline -0.004 -17"><span class='ocrx_word' id='word_1_44' title='bbox 545 1797 712 1856; x_wconf 85' lang='lat' dir='ltr'>Haec</span> <span class='ocrx_word' id='word_1_45' title='bbox 755 1796 938 1873; x_wconf 86' lang='lat' dir='ltr'>igitur</span> <span class='ocrx_word' id='word_1_46' title='bbox 983 1796 1041 1855; x_wconf 93' lang='lat' dir='ltr'>in</span> <span class='ocrx_word' id='word_1_47' title='bbox 1088 1795 1283 1854; x_wconf 88' lang='lat' dir='ltr'>medio</span> <span class='ocrx_word' id='word_1_48' title='bbox 1328 1794 1755 1870; x_wconf 85' lang='lat' dir='ltr'>relinquamus.</span> 
     </span>
    </p>

    <p class='ocr_par' dir='ltr' id='par_1_3' title="bbox 381 1890 2623 2178">
     <span class='ocr_line' id='line_1_7' title="bbox 548 1890 2623 1974; baseline -0.004 -17"><span class='ocrx_word' id='word_1_49' title='bbox 548 1900 911 1974; x_wconf 80' lang='lat' dir='ltr'>Fragmenta</span> <span class='ocrx_word' id='word_1_50' title='bbox 955 1901 1171 1974; x_wconf 89' lang='lat' dir='ltr'>autem,</span> <span class='ocrx_word' id='word_1_51' title='bbox 1216 1900 1513 1973; x_wconf 82' lang='lat' dir='ltr'>quotquot</span> <span class='ocrx_word' id='word_1_52' title='bbox 1557 1896 1669 1954; x_wconf 91' lang='lat' dir='ltr'>sub</span> <span class='ocrx_word' id='word_1_53' title='bbox 1714 1894 1949 1954; x_wconf 89' lang='lat' dir='ltr'>nomine</span> <span class='ocrx_word' id='word_1_54' title='bbox 1994 1892 2298 1952; x_wconf 85' lang='lat' dir='ltr'>Tiberiani</span> <span class='ocrx_word' id='word_1_55' title='bbox 2343 1890 2623 1951; x_wconf 84' lang='lat' dir='ltr'>feruutur</span> 
     </span>
     <span class='ocr_line' id='line_1_8' title="bbox 381 1993 2623 2078; baseline -0.003 -20"><span class='ocrx_word' id='word_1_56' title='bbox 381 2002 588 2077; x_wconf 85' lang='lat' dir='ltr'>partim</span> <span class='ocrx_word' id='word_1_57' title='bbox 657 1999 820 2078; x_wconf 93' lang='lat' dir='ltr'>apud</span> <span class='ocrx_word' id='word_1_58' title='bbox 890 2003 1169 2059; x_wconf 77' lang='lat' dir='ltr'>auctores</span> <span class='ocrx_word' id='word_1_59' title='bbox 1235 2004 1470 2058; x_wconf 89' lang='lat' dir='ltr'>veteres</span> <span class='ocrx_word' id='word_1_60' title='bbox 1525 1998 1809 2071; x_wconf 86' lang='lat' dir='ltr'>leguntur</span> <span class='ocrx_word' id='word_1_61' title='bbox 1831 2038 1846 2069; x_wconf 91' lang='lat'>‚</span> <span class='ocrx_word' id='word_1_62' title='bbox 1910 1995 2125 2072; x_wconf 88' lang='lat' dir='ltr'>partim</span> <span class='ocrx_word' id='word_1_63' title='bbox 2194 1995 2252 2053; x_wconf 86' lang='lat' dir='ltr'>in</span> <span class='ocrx_word' id='word_1_64' title='bbox 2320 1993 2623 2053; x_wconf 77' lang='lat' dir='ltr'>codicibus</span> 
     </span>
     <span class='ocr_line' id='line_1_9' title="bbox 381 2101 796 2178; baseline 0 -18"><span class='ocrx_word' id='word_1_65' title='bbox 381 2101 599 2178; x_wconf 80' lang='lat' dir='ltr'>scripta</span> <span class='ocrx_word' id='word_1_66' title='bbox 642 2104 796 2161; x_wconf 79' lang='lat' dir='ltr'>sunt</span> 
     </span>
    </p>

    <p class='ocr_par' dir='ltr' id='par_1_4' title="bbox 547 2197 1546 2282">
     <span class='ocr_line' id='line_1_10' title="bbox 547 2197 1546 2282; baseline -0.002 -20"><span class='ocrx_word' id='word_1_67' title='bbox 547 2203 748 2282; x_wconf 87' lang='lat' dir='ltr'>Atque</span> <span class='ocrx_word' id='word_1_68' title='bbox 795 2206 863 2263; x_wconf 90' lang='lat' dir='ltr'>ut</span> <span class='ocrx_word' id='word_1_69' title='bbox 907 2204 1010 2262; x_wconf 91' lang='lat' dir='ltr'>illa</span> <span class='ocrx_word' id='word_1_70' title='bbox 1054 2219 1475 2263; x_wconf 82' lang='lat' dir='ltr'>enumeremus</span> <span class='ocrx_word' id='word_1_71' title='bbox 1498 2197 1546 2273; x_wconf 83' lang='grc'>3)</span> 
     </span>
    </p>

    <p class='ocr_par' dir='ltr' id='par_1_5' title="bbox 382 2293 2629 2584">
     <span class='ocr_line' id='line_1_11' title="bbox 382 2293 2625 2382; baseline -0.003 -17"><span class='ocrx_word' id='word_1_72' title='bbox 382 2308 403 2365; x_wconf 94' lang='lat'><em>1</em></span> <span class='ocrx_word' id='word_1_73' title='bbox 505 2302 674 2364; x_wconf 85' lang='lat' dir='ltr'>Serv.</span> <span class='ocrx_word' id='word_1_74' title='bbox 734 2305 810 2364; x_wconf 94' lang='lat' dir='ltr'>ad</span> <span class='ocrx_word' id='word_1_75' title='bbox 871 2307 1046 2382; x_wconf 87' lang='lat' dir='ltr'>Verg.</span> <span class='ocrx_word' id='word_1_76' title='bbox 1097 2305 1247 2365; x_wconf 90' lang='lat' dir='ltr'>Aen.</span> <span class='ocrx_word' id='word_1_77' title='bbox 1282 2293 1393 2380; x_wconf 85' lang='lat' dir='ltr'>VI,</span> <span class='ocrx_word' id='word_1_78' title='bbox 1441 2307 1560 2364; x_wconf 85' lang='lat'>136</span> <span class='ocrx_word' id='word_1_79' title='bbox 1609 2304 1757 2361; x_wconf 87' lang='lat' dir='ltr'>haee</span> <span class='ocrx_word' id='word_1_80' title='bbox 1802 2301 2004 2359; x_wconf 86' lang='lat' dir='ltr'>habet:</span> <span class='ocrx_word' id='word_1_81' title='bbox 2068 2300 2184 2358; x_wconf 90' lang='lat' dir='ltr'>Alii</span> <span class='ocrx_word' id='word_1_82' title='bbox 2231 2300 2438 2358; x_wconf 87' lang='lat' dir='ltr'>dieunt</span> <span class='ocrx_word' id='word_1_83' title='bbox 2488 2297 2625 2358; x_wconf 88' lang='lat' dir='ltr'>ideo</span> 
     </span>
     <span class='ocr_line' id='line_1_12' title="bbox 508 2402 2629 2485; baseline -0.003 -20"><span class='ocrx_word' id='word_1_84' title='bbox 508 2425 672 2466; x_wconf 86' lang='lat' dir='ltr'>ramo</span> <span class='ocrx_word' id='word_1_85' title='bbox 705 2425 887 2467; x_wconf 89' lang='lat' dir='ltr'>aureo</span> <span class='ocrx_word' id='word_1_86' title='bbox 919 2407 1149 2468; x_wconf 85' lang='lat' dir='ltr'>inferos</span> <span class='ocrx_word' id='word_1_87' title='bbox 1178 2408 1317 2485; x_wconf 88' lang='lat' dir='ltr'>peti,</span> <span class='ocrx_word' id='word_1_88' title='bbox 1348 2405 1509 2484; x_wconf 91' lang='lat' dir='ltr'>quod</span> <span class='ocrx_word' id='word_1_89' title='bbox 1543 2404 1765 2463; x_wconf 88' lang='lat' dir='ltr'>divitiis</span> <span class='ocrx_word' id='word_1_90' title='bbox 1796 2403 1967 2462; x_wconf 80' lang='lat' dir='ltr'>facile</span> <span class='ocrx_word' id='word_1_91' title='bbox 2000 2402 2279 2462; x_wconf 85' lang='lat' dir='ltr'>mortales</span> <span class='ocrx_word' id='word_1_92' title='bbox 2310 2404 2629 2461; x_wconf 87' lang='lat' dir='ltr'>intereunt.</span> 
     </span>
     <span class='ocr_line' id='line_1_13' title="bbox 510 2499 2521 2584; baseline -0.003 -16"><span class='ocrx_word' id='word_1_93' title='bbox 510 2507 902 2568; x_wconf 83' lang='lat' dir='ltr'>Tiberianus:</span> <span class='ocrx_word' id='word_1_94' title='bbox 958 2509 1221 2581; x_wconf 86' lang='lat' dir='ltr'>„Aurum</span> <span class='ocrx_word' id='word_1_95' title='bbox 1271 2525 1391 2584; x_wconf 92' lang='lat' dir='ltr'>quo</span> <span class='ocrx_word' id='word_1_96' title='bbox 1435 2507 1628 2584; x_wconf 87' lang='lat' dir='ltr'>pretio</span> <span class='ocrx_word' id='word_1_97' title='bbox 1672 2508 2020 2564; x_wconf 84' lang='lat' dir='ltr'>reserantur</span> <span class='ocrx_word' id='word_1_98' title='bbox 2063 2503 2267 2563; x_wconf 86' lang='lat' dir='ltr'>limina</span> <span class='ocrx_word' id='word_1_99' title='bbox 2311 2499 2521 2562; x_wconf 88' lang='lat' dir='ltr'>Ditis.“</span> 
     </span>
    </p>

    <p class='ocr_par' dir='ltr' id='par_1_6' title="bbox 382 2595 2637 3197">
     <span class='ocr_line' id='line_1_14' title="bbox 382 2595 2632 2686; baseline -0.003 -16"><span class='ocrx_word' id='word_1_100' title='bbox 382 2612 440 2670; x_wconf 95' lang='lat' dir='ltr'>II</span> <span class='ocrx_word' id='word_1_101' title='bbox 510 2610 675 2671; x_wconf 88' lang='lat' dir='ltr'>Idem</span> <span class='ocrx_word' id='word_1_102' title='bbox 734 2609 809 2669; x_wconf 88' lang='lat' dir='ltr'>ad</span> <span class='ocrx_word' id='word_1_103' title='bbox 864 2612 1043 2686; x_wconf 77' lang='lat' dir='ltr'>Vel-g.</span> <span class='ocrx_word' id='word_1_104' title='bbox 1089 2610 1238 2669; x_wconf 91' lang='lat' dir='ltr'>Aen.</span> <span class='ocrx_word' id='word_1_105' title='bbox 1285 2610 1399 2686; x_wconf 87' lang='lat' dir='ltr'>V1,</span> <span class='ocrx_word' id='word_1_106' title='bbox 1459 2612 1609 2669; x_wconf 82' lang='lat'>532:</span> <span class='ocrx_word' id='word_1_107' title='bbox 1665 2607 1783 2668; x_wconf 88' lang='lat' dir='ltr'>Alii</span> <span class='ocrx_word' id='word_1_108' title='bbox 1840 2608 2018 2667; x_wconf 89' lang='lat' dir='ltr'>altius</span> <span class='ocrx_word' id='word_1_109' title='bbox 2073 2595 2467 2683; x_wconf 81' lang='lat' dir='ltr'>intellegunt3</span> <span class='ocrx_word' id='word_1_110' title='bbox 2526 2605 2632 2682; x_wconf 91' lang='lat' dir='ltr'>qui</span> 
     </span>
     <span class='ocr_line' id='line_1_15' title="bbox 513 2708 2630 2785; baseline -0.002 -14"><span class='ocrx_word' id='word_1_111' title='bbox 513 2712 623 2771; x_wconf 91' lang='lat' dir='ltr'>sub</span> <span class='ocrx_word' id='word_1_112' title='bbox 685 2717 843 2772; x_wconf 87' lang='lat' dir='ltr'>terra</span> <span class='ocrx_word' id='word_1_113' title='bbox 904 2712 1127 2772; x_wconf 83' lang='lat' dir='ltr'>inferos</span> <span class='ocrx_word' id='word_1_114' title='bbox 1188 2730 1317 2772; x_wconf 88' lang='lat' dir='ltr'>esse</span> <span class='ocrx_word' id='word_1_115' title='bbox 1379 2711 1594 2771; x_wconf 88' lang='lat' dir='ltr'>volunt</span> <span class='ocrx_word' id='word_1_116' title='bbox 1655 2710 1983 2770; x_wconf 83' lang='lat' dir='ltr'>seeundum</span> <span class='ocrx_word' id='word_1_117' title='bbox 2053 2708 2503 2785; x_wconf 80' lang='lat' dir='ltr'>chorographos</span> <span class='ocrx_word' id='word_1_118' title='bbox 2570 2712 2630 2767; x_wconf 89' lang='lat' dir='ltr'>et</span> 
     </span>
     <span class='ocr_line' id='line_1_16' title="bbox 514 2804 2637 2891; baseline -0.002 -19"><span class='ocrx_word' id='word_1_119' title='bbox 514 2818 882 2891; x_wconf 81' lang='lat' dir='ltr'>geometras,</span> <span class='ocrx_word' id='word_1_120' title='bbox 929 2815 1033 2890; x_wconf 88' lang='lat' dir='ltr'>qui</span> <span class='ocrx_word' id='word_1_121' title='bbox 1079 2814 1290 2873; x_wconf 86' lang='lat' dir='ltr'>dieunt</span> <span class='ocrx_word' id='word_1_122' title='bbox 1330 2818 1552 2873; x_wconf 87' lang='lat' dir='ltr'>terram</span> <span class='ocrx_word' id='word_1_123' title='bbox 1611 2804 1998 2889; x_wconf 81' lang='grc' dir='ltr'><em>σφαιροειδῆ</em></span> <span class='ocrx_word' id='word_1_124' title='bbox 2045 2829 2207 2888; x_wconf 90' lang='lat' dir='ltr'>esse,</span> <span class='ocrx_word' id='word_1_125' title='bbox 2266 2828 2420 2887; x_wconf 91' lang='lat' dir='ltr'>quae</span> <span class='ocrx_word' id='word_1_126' title='bbox 2476 2827 2637 2886; x_wconf 86' lang='lat' dir='ltr'>aqua</span> 
     </span>
     <span class='ocr_line' id='line_1_17' title="bbox 517 2912 2634 2992; baseline -0.002 -18"><span class='ocrx_word' id='word_1_127' title='bbox 517 2920 577 2974; x_wconf 92' lang='lat' dir='ltr'>et</span> <span class='ocrx_word' id='word_1_128' title='bbox 623 2920 758 2973; x_wconf 70' lang='lat' dir='ltr'>aere</span> <span class='ocrx_word' id='word_1_129' title='bbox 804 2919 1208 2975; x_wconf 85' lang='lat' dir='ltr'>sustentatur:</span> <span class='ocrx_word' id='word_1_130' title='bbox 1262 2916 1421 2992; x_wconf 92' lang='lat' dir='ltr'>quod</span> <span class='ocrx_word' id='word_1_131' title='bbox 1470 2916 1519 2974; x_wconf 90' lang='lat' dir='ltr'>si</span> <span class='ocrx_word' id='word_1_132' title='bbox 1564 2919 1682 2991; x_wconf 90' lang='lat' dir='ltr'>est,</span> <span class='ocrx_word' id='word_1_133' title='bbox 1727 2914 1805 2972; x_wconf 93' lang='lat' dir='ltr'>ad</span> <span class='ocrx_word' id='word_1_134' title='bbox 1852 2914 2186 2990; x_wconf 88' lang='lat' dir='ltr'>Autipodas</span> <span class='ocrx_word' id='word_1_135' title='bbox 2231 2917 2430 2990; x_wconf 91' lang='lat' dir='ltr'>potest</span> <span class='ocrx_word' id='word_1_136' title='bbox 2471 2912 2634 2971; x_wconf 87' lang='lat' dir='ltr'>navi-</span> 
     </span>
     <span class='ocr_line' id='line_1_18' title="bbox 517 3013 2636 3094; baseline -0.001 -19"><span class='ocrx_word' id='word_1_137' title='bbox 517 3017 754 3092; x_wconf 83' lang='lat' dir='ltr'>gatione</span> <span class='ocrx_word' id='word_1_138' title='bbox 799 3017 1132 3093; x_wconf 86' lang='lat' dir='ltr'>perveniri;</span> <span class='ocrx_word' id='word_1_139' title='bbox 1177 3017 1296 3094; x_wconf 89' lang='lat' dir='ltr'>qui,</span> <span class='ocrx_word' id='word_1_140' title='bbox 1342 3020 1633 3093; x_wconf 88' lang='lat' dir='ltr'>quantum</span> <span class='ocrx_word' id='word_1_141' title='bbox 1681 3015 1757 3075; x_wconf 90' lang='lat' dir='ltr'>ad</span> <span class='ocrx_word' id='word_1_142' title='bbox 1804 3033 1912 3075; x_wconf 92' lang='lat' dir='ltr'>nos</span> <span class='ocrx_word' id='word_1_143' title='bbox 1959 3017 2210 3092; x_wconf 79' lang='lat' dir='ltr'>spectat,</span> <span class='ocrx_word' id='word_1_144' title='bbox 2255 3013 2434 3073; x_wconf 83' lang='lat' dir='ltr'>inferi</span> <span class='ocrx_word' id='word_1_145' title='bbox 2478 3016 2636 3090; x_wconf 84' lang='lat' dir='ltr'>suut,</span> 
     </span>
     <span class='ocr_line' id='line_1_19' title="bbox 518 3115 2634 3197; baseline 0.001 -24"><span class='ocrx_word' id='word_1_146' title='bbox 518 3118 672 3174; x_wconf 86' lang='lat' dir='ltr'>sieut</span> <span class='ocrx_word' id='word_1_147' title='bbox 715 3134 825 3176; x_wconf 89' lang='lat' dir='ltr'>nos</span> <span class='ocrx_word' id='word_1_148' title='bbox 869 3118 1001 3177; x_wconf 85' lang='lat' dir='ltr'>illis.</span> <span class='ocrx_word' id='word_1_149' title='bbox 1089 3119 1245 3178; x_wconf 82' lang='lat' dir='ltr'>Hine</span> <span class='ocrx_word' id='word_1_150' title='bbox 1290 3124 1397 3197; x_wconf 85' lang='lat' dir='ltr'>est,</span> <span class='ocrx_word' id='word_1_151' title='bbox 1442 3118 1606 3196; x_wconf 91' lang='lat' dir='ltr'>quod</span> <span class='ocrx_word' id='word_1_152' title='bbox 1652 3123 1870 3178; x_wconf 86' lang='lat' dir='ltr'>terram</span> <span class='ocrx_word' id='word_1_153' title='bbox 1920 3135 2050 3177; x_wconf 87' lang='lat' dir='ltr'>esse</span> <span class='ocrx_word' id='word_1_154' title='bbox 2094 3115 2321 3176; x_wconf 85' lang='lat' dir='ltr'>inferos</span> <span class='ocrx_word' id='word_1_155' title='bbox 2360 3115 2634 3185; x_wconf 80' lang='lat' dir='ltr'>dicimus3</span> 
     </span>
    </p>
   </div>
   <div class='ocr_carea' id='block_1_2' title="bbox 402 3230 567 3237">
    <p class='ocr_par' dir='ltr' id='par_1_7' title="bbox 402 3230 567 3237">
     <span class='ocr_line' id='line_1_20' title="bbox 402 3230 567 3237; baseline 0 1572"><span class='ocrx_word' id='word_1_156' title='bbox 402 3230 567 3237; x_wconf 95' lang='lat' dir='ltr'> </span> 
     </span>
    </p>
   </div>
   <div class='ocr_carea' id='block_1_3' title="bbox 388 3275 2637 3688">
    <p class='ocr_par' dir='ltr' id='par_1_8' title="bbox 568 3275 1587 3345">
     <span class='ocr_line' id='line_1_21' title="bbox 568 3275 1587 3345; baseline 0.004 -19"><span class='ocrx_word' id='word_1_157' title='bbox 568 3275 602 3340; x_wconf 83' lang='lat'>¹)</span> <span class='ocrx_word' id='word_1_158' title='bbox 638 3277 777 3327; x_wconf 85' lang='lat' dir='ltr'>Hist.</span> <span class='ocrx_word' id='word_1_159' title='bbox 813 3277 914 3327; x_wconf 85' lang='lat' dir='ltr'>litt.</span> <span class='ocrx_word' id='word_1_160' title='bbox 952 3279 1112 3328; x_wconf 91' lang='lat' dir='ltr'>Rom.</span> <span class='ocrx_word' id='word_1_161' title='bbox 1152 3281 1234 3329; x_wconf 89' lang='lat' dir='ltr'>ed.</span> <span class='ocrx_word' id='word_1_162' title='bbox 1270 3279 1349 3328; x_wconf 91' lang='grc' dir='ltr'>ΠΙ</span> <span class='ocrx_word' id='word_1_163' title='bbox 1382 3296 1431 3345; x_wconf 90' lang='lat' dir='ltr'>p.</span> <span class='ocrx_word' id='word_1_164' title='bbox 1471 3282 1587 3343; x_wconf 89' lang='lat'><strong>938.</strong></span> 
     </span>
    </p>

    <p class='ocr_par' dir='ltr' id='par_1_9' title="bbox 388 3362 2637 3601">
     <span class='ocr_line' id='line_1_22' title="bbox 565 3362 2636 3430; baseline 0.002 -19"><span class='ocrx_word' id='word_1_165' title='bbox 565 3362 605 3425; x_wconf 75' lang='grc'>2&gt;</span> <span class='ocrx_word' id='word_1_166' title='bbox 642 3362 776 3416; x_wconf 87' lang='lat' dir='ltr'>Cod.</span> <span class='ocrx_word' id='word_1_167' title='bbox 815 3362 1018 3416; x_wconf 86' lang='lat' dir='ltr'>Theod.</span> <span class='ocrx_word' id='word_1_168' title='bbox 1055 3364 1182 3424; x_wconf 90' lang='lat' dir='ltr'>XII,</span> <span class='ocrx_word' id='word_1_169' title='bbox 1221 3373 1267 3427; x_wconf 87' lang='lat'>5,</span> <span class='ocrx_word' id='word_1_170' title='bbox 1310 3375 1365 3413; x_wconf 82' lang='lat'>1:</span> <span class='ocrx_word' id='word_1_171' title='bbox 1411 3366 1541 3430; x_wconf 89' lang='lat' dir='ltr'>Imp.</span> <span class='ocrx_word' id='word_1_172' title='bbox 1582 3366 1950 3416; x_wconf 83' lang='lat' dir='ltr'>Constantinus</span> <span class='ocrx_word' id='word_1_173' title='bbox 1984 3367 2056 3414; x_wconf 90' lang='lat' dir='ltr'>A.</span> <span class='ocrx_word' id='word_1_174' title='bbox 2137 3364 2421 3415; x_wconf 84' lang='lat' dir='ltr'>Tiberiano</span> <span class='ocrx_word' id='word_1_175' title='bbox 2458 3365 2636 3415; x_wconf 85' lang='lat' dir='ltr'>comiti</span> 
     </span>
     <span class='ocr_line' id='line_1_23' title="bbox 388 3449 2637 3515; baseline 0.002 -20"><span class='ocrx_word' id='word_1_176' title='bbox 388 3463 480 3512; x_wconf 87' lang='lat' dir='ltr'>per</span> <span class='ocrx_word' id='word_1_177' title='bbox 516 3449 765 3500; x_wconf 85' lang='lat' dir='ltr'>Africam.</span> <span class='ocrx_word' id='word_1_178' title='bbox 817 3477 885 3486; x_wconf 89' lang='lat'>—</span> <span class='ocrx_word' id='word_1_179' title='bbox 929 3450 1050 3501; x_wconf 90' lang='lat' dir='ltr'>Dat.</span> <span class='ocrx_word' id='word_1_180' title='bbox 1088 3449 1428 3500; x_wconf 87' lang='lat' dir='ltr'>Nicomediae</span> <span class='ocrx_word' id='word_1_181' title='bbox 1464 3451 1547 3499; x_wconf 94' lang='lat' dir='ltr'>III</span> <span class='ocrx_word' id='word_1_182' title='bbox 1582 3451 1709 3502; x_wconf 91' lang='lat' dir='ltr'>Kal.</span> <span class='ocrx_word' id='word_1_183' title='bbox 1747 3452 1921 3515; x_wconf 87' lang='lat' dir='ltr'><strong>Aug.;</strong></span> <span class='ocrx_word' id='word_1_184' title='bbox 1959 3450 2300 3501; x_wconf 89' lang='lat' dir='ltr'>Constantino</span> <span class='ocrx_word' id='word_1_185' title='bbox 2336 3450 2407 3501; x_wconf 90' lang='lat' dir='ltr'>A.</span> <span class='ocrx_word' id='word_1_186' title='bbox 2444 3450 2550 3499; x_wconf 89' lang='lat' dir='ltr'>VH</span> <span class='ocrx_word' id='word_1_187' title='bbox 2585 3457 2637 3500; x_wconf 86' lang='lat' dir='ltr'>et</span> 
     </span>
     <span class='ocr_line' id='line_1_24' title="bbox 392 3533 1759 3601; baseline 0.004 -19"><span class='ocrx_word' id='word_1_188' title='bbox 392 3533 690 3583; x_wconf 85' lang='lat' dir='ltr'>Constante.</span> <span class='ocrx_word' id='word_1_189' title='bbox 730 3534 788 3583; x_wconf 91' lang='lat' dir='ltr'>C.</span> <span class='ocrx_word' id='word_1_190' title='bbox 831 3552 963 3585; x_wconf 53' lang='lat' dir='ltr'>cosa</span> <span class='ocrx_word' id='word_1_191' title='bbox 1002 3538 1066 3600; x_wconf 89' lang='lat' dir='ltr'>(a.</span> <span class='ocrx_word' id='word_1_192' title='bbox 1106 3536 1205 3601; x_wconf 88' lang='lat'>326</span> <span class='ocrx_word' id='word_1_193' title='bbox 1242 3538 1305 3586; x_wconf 88' lang='lat' dir='ltr'>cf.</span> <span class='ocrx_word' id='word_1_194' title='bbox 1342 3538 1563 3586; x_wconf 86' lang='lat' dir='ltr'>Haenel.</span> <span class='ocrx_word' id='word_1_195' title='bbox 1601 3537 1637 3587; x_wconf 92' lang='lat' dir='ltr'>l.</span> <span class='ocrx_word' id='word_1_196' title='bbox 1675 3539 1759 3601; x_wconf 90' lang='lat' dir='ltr'>c.).</span> 
     </span>
    </p>

    <p class='ocr_par' dir='ltr' id='par_1_10' title="bbox 563 3618 2635 3688">
     <span class='ocr_line' id='line_1_25' title="bbox 563 3618 2635 3688; baseline 0.001 -21"><span class='ocrx_word' id='word_1_197' title='bbox 563 3618 694 3667; x_wconf 91' lang='lat' dir='ltr'>Cod.</span> <span class='ocrx_word' id='word_1_198' title='bbox 729 3619 857 3669; x_wconf 90' lang='lat' dir='ltr'>Iust.</span> <span class='ocrx_word' id='word_1_199' title='bbox 892 3621 999 3680; x_wconf 91' lang='lat' dir='ltr'>VI,</span> <span class='ocrx_word' id='word_1_200' title='bbox 1041 3635 1083 3681; x_wconf 90' lang='lat'>1,</span> <span class='ocrx_word' id='word_1_201' title='bbox 1121 3623 1180 3672; x_wconf 84' lang='lat'>6:</span> <span class='ocrx_word' id='word_1_202' title='bbox 1242 3624 1389 3674; x_wconf 89' lang='lat' dir='ltr'>Idem</span> <span class='ocrx_word' id='word_1_203' title='bbox 1436 3624 1585 3688; x_wconf 90' lang='lat' dir='ltr'>(Imp.</span> <span class='ocrx_word' id='word_1_204' title='bbox 1633 3622 2021 3685; x_wconf 83' lang='lat' dir='ltr'>Constantinus)</span> <span class='ocrx_word' id='word_1_205' title='bbox 2069 3623 2140 3672; x_wconf 94' lang='lat' dir='ltr'>A.</span> <span class='ocrx_word' id='word_1_206' title='bbox 2187 3623 2255 3671; x_wconf 90' lang='lat' dir='ltr'>ad</span> <span class='ocrx_word' id='word_1_207' title='bbox 2301 3622 2635 3671; x_wconf 65' lang='lat' dir='ltr'>&#39;liberianum</span> 
     </span>
    </p>
   </div>
   <div class='ocr_carea' id='block_1_4' title="bbox 392 3703 2637 3853">
    <p class='ocr_par' dir='ltr' id='par_1_11' title="bbox 392 3703 2637 3853">
     <span class='ocr_line' id='line_1_26' title="bbox 392 3703 2637 3772; baseline 0.002 -22"><span class='ocrx_word' id='word_1_208' title='bbox 392 3703 630 3753; x_wconf 85' lang='lat' dir='ltr'>comitem</span> <span class='ocrx_word' id='word_1_209' title='bbox 674 3703 1060 3769; x_wconf 86' lang='lat' dir='ltr'>Hispaniarum.</span> <span class='ocrx_word' id='word_1_210' title='bbox 1107 3736 1174 3744; x_wconf 90' lang='lat'><em>-</em></span> <span class='ocrx_word' id='word_1_211' title='bbox 1221 3707 1341 3757; x_wconf 89' lang='lat' dir='ltr'>Dat.</span> <span class='ocrx_word' id='word_1_212' title='bbox 1379 3709 1489 3757; x_wconf 90' lang='lat' dir='ltr'>XV</span> <span class='ocrx_word' id='word_1_213' title='bbox 1532 3708 1660 3757; x_wconf 85' lang='lat' dir='ltr'>Kal.</span> <span class='ocrx_word' id='word_1_214' title='bbox 1707 3708 1993 3772; x_wconf 87' lang='lat' dir='ltr'>Septembr.</span> <span class='ocrx_word' id='word_1_215' title='bbox 2033 3708 2313 3757; x_wconf 86' lang='lat' dir='ltr'>Pacatiano</span> <span class='ocrx_word' id='word_1_216' title='bbox 2359 3714 2411 3757; x_wconf 89' lang='lat' dir='ltr'>et</span> <span class='ocrx_word' id='word_1_217' title='bbox 2445 3705 2637 3755; x_wconf 88' lang='lat' dir='ltr'>Hilari-</span> 
     </span>
     <span class='ocr_line' id='line_1_27' title="bbox 393 3790 956 3853; baseline 0.002 -16"><span class='ocrx_word' id='word_1_218' title='bbox 393 3803 508 3838; x_wconf 89' lang='lat' dir='ltr'>an0.</span> <span class='ocrx_word' id='word_1_219' title='bbox 546 3803 678 3839; x_wconf 80' lang='lat' dir='ltr'>coss,</span> <span class='ocrx_word' id='word_1_220' title='bbox 718 3790 783 3852; x_wconf 87' lang='lat' dir='ltr'>(a.</span> <span class='ocrx_word' id='word_1_221' title='bbox 821 3791 956 3853; x_wconf 84' lang='lat'><strong>332).</strong></span> 
     </span>
    </p>
   </div>
   <div class='ocr_carea' id='block_1_5' title="bbox 394 3874 2641 4027">
    <p class='ocr_par' dir='ltr' id='par_1_12' title="bbox 394 3874 2641 4027">
     <span class='ocr_line' id='line_1_28' title="bbox 564 3874 2641 3942; baseline 0.002 -19"><span class='ocrx_word' id='word_1_222' title='bbox 564 3874 694 3923; x_wconf 91' lang='lat' dir='ltr'>Cod.</span> <span class='ocrx_word' id='word_1_223' title='bbox 722 3874 924 3925; x_wconf 90' lang='lat' dir='ltr'>Theod.</span> <span class='ocrx_word' id='word_1_224' title='bbox 951 3876 1049 3934; x_wconf 91' lang='lat'>111,</span> <span class='ocrx_word' id='word_1_225' title='bbox 1077 3886 1123 3939; x_wconf 87' lang='lat'>5,</span> <span class='ocrx_word' id='word_1_226' title='bbox 1151 3884 1210 3938; x_wconf 81' lang='lat'>5:</span> <span class='ocrx_word' id='word_1_227' title='bbox 1247 3877 1376 3942; x_wconf 86' lang='lat' dir='ltr'>Imp.</span> <span class='ocrx_word' id='word_1_228' title='bbox 1405 3878 1775 3927; x_wconf 86' lang='lat' dir='ltr'>Constantinus</span> <span class='ocrx_word' id='word_1_229' title='bbox 1811 3878 1886 3926; x_wconf 89' lang='lat' dir='ltr'>A.</span> <span class='ocrx_word' id='word_1_230' title='bbox 1924 3878 1991 3926; x_wconf 90' lang='lat' dir='ltr'>ad</span> <span class='ocrx_word' id='word_1_231' title='bbox 2023 3877 2356 3925; x_wconf 86' lang='lat' dir='ltr'>Tiberianum</span> <span class='ocrx_word' id='word_1_232' title='bbox 2391 3876 2641 3928; x_wconf 82' lang='lat' dir='ltr'>vicarium</span> 
     </span>
     <span class='ocr_line' id='line_1_29' title="bbox 394 3959 2640 4027; baseline 0.001 -19"><span class='ocrx_word' id='word_1_233' title='bbox 394 3959 779 4024; x_wconf 86' lang='lat' dir='ltr'>Hispaniarum.</span> <span class='ocrx_word' id='word_1_234' title='bbox 827 3988 896 3995; x_wconf 94' lang='lat'>—-</span> <span class='ocrx_word' id='word_1_235' title='bbox 939 3960 1060 4011; x_wconf 89' lang='lat' dir='ltr'>Dat.</span> <span class='ocrx_word' id='word_1_236' title='bbox 1097 3960 1179 4010; x_wconf 92' lang='lat' dir='ltr'>Id.</span> <span class='ocrx_word' id='word_1_237' title='bbox 1217 3960 1315 4010; x_wconf 90' lang='lat' dir='ltr'>Iul.</span> <span class='ocrx_word' id='word_1_238' title='bbox 1355 3961 1828 4027; x_wconf 87' lang='lat' dir='ltr'>Constantinopoli.</span> <span class='ocrx_word' id='word_1_239' title='bbox 1889 3962 2114 4026; x_wconf 88' lang='lat' dir='ltr'>Accept.</span> <span class='ocrx_word' id='word_1_240' title='bbox 2151 3962 2289 4010; x_wconf 87' lang='lat' dir='ltr'>XIV</span> <span class='ocrx_word' id='word_1_241' title='bbox 2325 3961 2454 4011; x_wconf 88' lang='lat' dir='ltr'>Kal.</span> <span class='ocrx_word' id='word_1_242' title='bbox 2493 3961 2640 4011; x_wconf 89' lang='lat' dir='ltr'>Maii.</span> 
     </span>
    </p>
   </div>
   <div class='ocr_carea' id='block_1_6' title="bbox 391 4043 2639 4195">
    <p class='ocr_par' dir='ltr' id='par_1_13' title="bbox 391 4043 2639 4195">
     <span class='ocr_line' id='line_1_30' title="bbox 391 4043 2639 4112; baseline 0.001 -21"><span class='ocrx_word' id='word_1_243' title='bbox 391 4043 599 4109; x_wconf 84' lang='lat' dir='ltr'>Hispali</span> <span class='ocrx_word' id='word_1_244' title='bbox 634 4044 931 4109; x_wconf 86' lang='lat' dir='ltr'>Nepotiano</span> <span class='ocrx_word' id='word_1_245' title='bbox 967 4053 1019 4095; x_wconf 89' lang='lat' dir='ltr'>et</span> <span class='ocrx_word' id='word_1_246' title='bbox 1041 4047 1292 4095; x_wconf 86' lang='lat' dir='ltr'>Facundo</span> <span class='ocrx_word' id='word_1_247' title='bbox 1327 4060 1459 4096; x_wconf 87' lang='lat' dir='ltr'>coss.</span> <span class='ocrx_word' id='word_1_248' title='bbox 1497 4049 1561 4111; x_wconf 91' lang='lat' dir='ltr'>(a.</span> <span class='ocrx_word' id='word_1_249' title='bbox 1591 4046 1689 4110; x_wconf 88' lang='lat'>336</span> <span class='ocrx_word' id='word_1_250' title='bbox 1715 4048 1779 4098; x_wconf 86' lang='lat' dir='ltr'>cf.</span> <span class='ocrx_word' id='word_1_251' title='bbox 1818 4047 2125 4098; x_wconf 85' lang='lat' dir='ltr'>Gothofred.</span> <span class='ocrx_word' id='word_1_252' title='bbox 2149 4046 2206 4095; x_wconf 90' lang='lat' dir='ltr'>in</span> <span class='ocrx_word' id='word_1_253' title='bbox 2228 4046 2639 4112; x_wconf 85' lang='lat' dir='ltr'>prosopograph.</span> 
     </span>
     <span class='ocr_line' id='line_1_31' title="bbox 395 4127 1166 4195; baseline 0.005 -18"><span class='ocrx_word' id='word_1_254' title='bbox 395 4130 511 4177; x_wconf 88' lang='lat' dir='ltr'>cod.</span> <span class='ocrx_word' id='word_1_255' title='bbox 549 4127 751 4178; x_wconf 86' lang='lat' dir='ltr'>Theod.</span> <span class='ocrx_word' id='word_1_256' title='bbox 791 4145 843 4193; x_wconf 89' lang='lat' dir='ltr'>p.</span> <span class='ocrx_word' id='word_1_257' title='bbox 878 4130 1166 4195; x_wconf 88' lang='lat' dir='ltr'>XXXVI).</span> 
     </span>
    </p>
   </div>
   <div class='ocr_carea' id='block_1_7' title="bbox 394 4214 2635 4368">
    <p class='ocr_par' dir='ltr' id='par_1_14' title="bbox 394 4214 2635 4368">
     <span class='ocr_line' id='line_1_32' title="bbox 564 4214 2635 4281; baseline 0 -19"><span class='ocrx_word' id='word_1_258' title='bbox 564 4214 602 4276; x_wconf 78' lang='lat'>³)</span> <span class='ocrx_word' id='word_1_259' title='bbox 638 4215 718 4262; x_wconf 90' lang='lat' dir='ltr'>De</span> <span class='ocrx_word' id='word_1_260' title='bbox 764 4214 1061 4277; x_wconf 85' lang='lat' dir='ltr'>fragmentis</span> <span class='ocrx_word' id='word_1_261' title='bbox 1096 4217 1160 4266; x_wconf 86' lang='lat' dir='ltr'>cf.</span> <span class='ocrx_word' id='word_1_262' title='bbox 1196 4214 1401 4265; x_wconf 86' lang='lat' dir='ltr'>Teuffel</span> <span class='ocrx_word' id='word_1_263' title='bbox 1434 4215 1471 4267; x_wconf 88' lang='lat' dir='ltr'>l.</span> <span class='ocrx_word' id='word_1_264' title='bbox 1509 4232 1584 4274; x_wconf 90' lang='lat' dir='ltr'>c.;</span> <span class='ocrx_word' id='word_1_265' title='bbox 1637 4219 1710 4267; x_wconf 89' lang='lat' dir='ltr'>A.</span> <span class='ocrx_word' id='word_1_266' title='bbox 1747 4219 1911 4267; x_wconf 88' lang='lat' dir='ltr'>Riese</span> <span class='ocrx_word' id='word_1_267' title='bbox 1945 4216 2236 4281; x_wconf 87' lang='lat' dir='ltr'>Antholog.</span> <span class='ocrx_word' id='word_1_268' title='bbox 2272 4220 2386 4268; x_wconf 87' lang='lat' dir='ltr'>Lat.</span> <span class='ocrx_word' id='word_1_269' title='bbox 2411 4218 2466 4265; x_wconf 89' lang='lat' dir='ltr'>H</span> <span class='ocrx_word' id='word_1_270' title='bbox 2499 4232 2552 4279; x_wconf 88' lang='lat' dir='ltr'>p.</span> <span class='ocrx_word' id='word_1_271' title='bbox 2577 4216 2635 4261; x_wconf 86' lang='lat' dir='ltr'>X</span> 
     </span>
     <span class='ocr_line' id='line_1_33' title="bbox 394 4300 2042 4368; baseline 0.003 -21"><span class='ocrx_word' id='word_1_272' title='bbox 394 4305 502 4348; x_wconf 89' lang='lat' dir='ltr'>not.</span> <span class='ocrx_word' id='word_1_273' title='bbox 542 4311 601 4363; x_wconf 76' lang='lat'>55</span> <span class='ocrx_word' id='word_1_274' title='bbox 650 4300 714 4349; x_wconf 94' lang='lat' dir='ltr'>E.</span> <span class='ocrx_word' id='word_1_275' title='bbox 750 4300 1006 4350; x_wconf 67' lang='lat' dir='ltr'>Bahrens:</span> <span class='ocrx_word' id='word_1_276' title='bbox 1047 4300 1285 4350; x_wconf 86' lang='lat' dir='ltr'>Carmina</span> <span class='ocrx_word' id='word_1_277' title='bbox 1320 4301 1504 4349; x_wconf 88' lang='lat' dir='ltr'>Latina</span> <span class='ocrx_word' id='word_1_278' title='bbox 1538 4302 1737 4352; x_wconf 87' lang='lat' dir='ltr'>inedita</span> <span class='ocrx_word' id='word_1_279' title='bbox 1770 4320 1823 4368; x_wconf 86' lang='lat' dir='ltr'>p.</span> <span class='ocrx_word' id='word_1_280' title='bbox 1861 4314 1926 4364; x_wconf 85' lang='lat'>27</span> <span class='ocrx_word' id='word_1_281' title='bbox 1965 4318 2042 4367; x_wconf 88' lang='lat' dir='ltr'>sq.</span> 
     </span>
    </p>
   </div>
   <div class='ocr_carea' id='block_1_8' title="bbox 2213 4407 2237 4456">
    <p class='ocr_par' dir='ltr' id='par_1_15' title="bbox 2213 4407 2237 4456">
     <span class='ocr_line' id='line_1_34' title="bbox 2213 4407 2237 4456; baseline 0 -2"><span class='ocrx_word' id='word_1_282' title='bbox 2213 4407 2237 4456; x_wconf 90' lang='lat'><strong>1</strong></span> 
     </span>
    </p>
   </div>
  </div>
 </body>
</html>
