3142 4809
715 515 927 594 Quem,
970 535 1185 593 preeor
1229 518 1475 594 aspin-ee,
1519 535 1641 594 qua
1684 517 1764 576 eit
1804 517 2035 576 ratIone
2077 519 2318 576 oreatus

716 617 850 690 Quo
895 620 1137 697 genitus
1178 618 1451 680 faetusve
1496 618 1675 679 modo
1721 617 1797 677 da
1842 627 2022 677 nosse
2066 618 2309 679 volenti.

717 722 812 780 Da
857 726 1046 799 pater,
1091 725 1383 799 augustas
1429 724 1496 780 ut
1537 721 1762 798 possim
1808 737 2059 780 noscere
2105 737 2336 798 musae,

717 820 1058 883 Mandanae
1101 823 1236 883 olim
1282 824 1470 884 moles
1515 841 1636 900 quo
1681 820 1927 883 foedere
1972 839 2171 881 rerum

590 927 675 983 30
719 922 1045 985 Sustuleris
1090 925 1467 1002 animamque
1511 925 1629 985 levi
1675 944 1795 1002 quo
1841 925 2133 984 maximus
2177 924 2315 984 olim

2503 1041 2702 1051 ——-—.

633 1089 699 1136 26
735 1089 863 1152 §cor
897 1089 1117 1155 asspiras
1157 1091 1219 1138 P.
1258 1104 1360 1154 qua
1395 1089 1440 1138 si
1475 1090 1543 1139 R.
1569 1117 1638 1125 --
1664 1100 1727 1153 27
1763 1104 1849 1138 mo
1885 1089 1952 1137 da
1975 1090 2043 1138 R.
2078 1117 2145 1125 -
2171 1089 2235 1138 28
2272 1095 2513 1153 angustas
2547 1090 2616 1140 R.
2639 1118 2709 1126 —

462 1184 528 1234 30
563 1172 771 1222 maximi
796 1174 860 1224 P.
897 1189 1098 1223 versum
1132 1189 1233 1224 om.
1270 1175 1339 1226 R.

528 1332 695 1383 ratus;
732 1326 1007 1375 iuvencus:
1044 1328 1109 1376 G.
1135 1327 1476 1386 HermannuS,
1514 1326 1603 1391 qui
1638 1342 1688 1377 v.
1710 1338 1774 1390 24
1809 1326 1956 1376 uncis
1979 1326 2215 1385 inclusitz
2251 1327 2536 1378 stellarum:
2573 1329 2707 1379 coni.

527 1410 760 1461 RiesiuS.
815 1438 874 1449 -
908 1413 1054 1461 Haec
1098 1412 1221 1462 item
1269 1428 1330 1461 ex
1374 1412 1589 1461 Timaeo
1625 1411 1900 1462 fluxerunt:
1948 1412 2012 1462 cf.
2049 1411 2182 1461 Tim.
2220 1427 2270 1476 p.
2310 1423 2373 1474 33
2409 1413 2493 1462 A:
2541 1404 2708 1465 τόνδε

529 1488 649 1557 (τὸν
695 1489 938 1561 κόσμον)
986 1486 1052 1548 ἓν
1100 1485 1238 1549 ὅλον
1286 1485 1442 1549 ὅλων
1492 1488 1557 1558 ἐξ
1604 1486 1878 1549 ἁπάντων
1933 1488 2139 1549 τέλεον
2184 1490 2284 1549 καὶ
2330 1486 2565 1565 ἀγήρων
2609 1493 2710 1550 καὶ

530 1572 746 1636 ἄνοσον
792 1570 971 1632 αὐτὸν
1020 1572 1372 1649 ἐτεκτήνατο
1381 1600 1402 1644 ,·
1454 1598 1608 1647 quern
1652 1581 1828 1631 locum
1875 1589 2080 1631 secutus
2128 1588 2205 1630 est
2239 1581 2502 1647 Apuleius
2545 1583 2600 1632 in
2644 1582 2709 1632 iis

531 1665 730 1725 verbis,
785 1681 916 1730 quae
953 1665 1294 1730 Quicheratus
1341 1668 1408 1716 ad
1442 1666 1580 1716 hunc
1614 1667 1789 1716 locum
1823 1667 2027 1716 laudat:
2084 1666 2148 1715 de
2186 1667 2359 1730 dogm.
2396 1666 2532 1718 Plat.
2568 1669 2611 1727 Ι,
2649 1668 2707 1717 8:

530 1750 659 1810 „Ad
705 1750 834 1800 haec
883 1752 1129 1801 attributa
1174 1760 1251 1801 est
1301 1752 1349 1800 ei
1385 1753 1616 1816 (mundo)
1652 1759 1899 1818 perpetua
1934 1752 2172 1802 iuventus
2207 1760 2260 1802 et
2291 1752 2540 1806 inviolata
2573 1753 2709 1803 vale-

531 1835 658 1885 tudo
708 1837 792 1898 (cf.
841 1836 1006 1903 Apul.
1056 1837 1120 1886 de
1168 1837 1364 1887 mundo
1401 1854 1446 1887 c.
1485 1849 1577 1886 22:
1631 1837 1717 1886 hic
1751 1837 1973 1887 mundus
2008 1866 2074 1873 —-
2109 1838 2381 1902 splendore
2416 1837 2711 1904 perlucidus
2809 1879 2818 1884 .

529 1948 596 1957 —-
632 1922 902 1986 pubertate
937 1922 1198 1987 iuvenali).
1243 1952 1309 1960 -—-
1344 1923 1526 1990 Eurip.
1563 1939 1645 1987 ap.
1685 1923 1847 1973 Clem.
1883 1923 2039 1975 Alex.
2077 1925 2262 1974 Strom.
2287 1924 2383 1984 IV,
2409 1933 2469 1986 25
2497 1940 2549 1989 p.
2580 1934 2703 1988 157:

529 1999 757 2072 κόσμον
791 1998 1008 2077 ἀγήρω.

465 2092 547 2141 26.
583 2093 671 2142 Bs.
707 2093 821 2143 vol:
859 2093 1143 2159 adspiranS.
1181 2123 1247 2131 —

601 2184 812 2228 creatus
845 2207 913 2218 -
943 2182 1164 2243 genitus
1199 2208 1265 2218 -
1299 2181 1512 2245 factus.-
1547 2181 1613 2236 cf.
1649 2180 1786 2231 Plat.
1824 2180 1956 2231 Tim.
1993 2197 2044 2246 p.
2081 2193 2142 2243 41
2182 2182 2262 2230 D:
2300 2169 2711 2250 ἀπεργάζεσθε

530 2257 631 2316 καὶ
670 2265 930 2331 γεννᾶτε.

464 2348 545 2398 28.
582 2356 851 2412 augustas
901 2367 1123 2400 causas.-
1177 2350 1322 2400 Nota
1368 2358 1445 2400 est
1491 2350 1583 2399 illa
1618 2351 1851 2400 Platonis
1898 2351 1952 2400 in
1987 2350 2201 2401 Timaeo
2251 2352 2316 2401 de
2362 2350 2557 2417 duplici
2592 2366 2709 2400 cau-

491 2469 495 2478 .
532 2449 700 2483 saxum
738 2450 923 2498 genere
961 2436 1242 2486 sententia:
1278 2436 1413 2486 Tim.
1438 2452 1490 2500 p.
1518 2436 1584 2499 46
1611 2436 1668 2485 C.
1718 2425 1878 2487 ταῦτ’
1915 2424 2018 2488 οὖν
2053 2425 2242 2488 πάντα
2280 2428 2405 2490 ἐστὶ
2437 2437 2555 2488 τῶν
2591 2436 2712 2498 §vv-

534 2514 766 2582 αιτίων,
829 2509 914 2583 οἶς
967 2514 1112 2583 θεὸς
1161 2511 1514 2589 ὑπηρετοῦσι
1560 2523 1770 2589 χρῆται
1822 2514 1927 2589 τὴν
1978 2524 2083 2573 τοῦ
2142 2516 2383 2591 ἀρίστου
2435 2514 2586 2573 κατὰ
2645 2514 2711 2573 τὸ

532 2597 774 2656 δυνατὸν
800 2599 958 2658 ἰδέαν
984 2597 1304 2659 ἀποτελῶν.
1358 2599 1662 2671 δοξάζεται
1686 2602 1745 2660 δὲ
1771 2596 1885 2659 ὑπὸ
1912 2609 2028 2659 τῶν
2050 2603 2340 2659 πλείστων
2363 2597 2433 2659 οὕ
2455 2601 2714 2668 ξυναίτια

530 2679 654 2740 ἀλλ’
702 2679 857 2742 αἴτια
908 2679 1051 2743 εἶναι
1087 2695 1205 2744 τῶν
1240 2685 1500 2754 πάντων,
1557 2685 1818 2759 ψύχοντα
1854 2688 1954 2744 καὶ
1990 2687 2383 2762 θερμαίνοντα
2418 2684 2712 2758 πηγνύντα

532 2769 634 2828 καὶ
682 2767 986 2842 διαχέοντα
1035 2772 1135 2828 καὶ
1183 2766 1295 2830 ὅσα
1330 2779 1513 2829 ταῦτα
1552 2767 2003 2846 ἀπεργαζόμενα
2039 2770 2170 2840 xre,
2231 2794 2361 2842 quae
2398 2794 2458 2827 ex
2493 2777 2713 2827 Platone

535 2860 602 2908 ad
636 2860 842 2911 Stoicos
878 2862 1022 2911 fluxit
1071 2864 1155 2924 (cf.
1176 2863 1285 2912 Cic.
1325 2863 1389 2911 de
1427 2862 1533 2911 fato
1558 2864 1637 2923 18,
1656 2865 1758 2927 41).
1816 2863 2014 2914 Similia
2047 2864 2128 2912 his
2162 2865 2217 2912 in
2241 2863 2484 2928 Orphicis
2517 2861 2711 2911 inveni-

535 2952 686 2994 untur
722 2947 785 2995 cf.
822 2948 994 2997 Procl.
1020 2948 1074 2996 in
1098 2948 1233 2997 Tim.
1261 2949 1331 3007 ΙΙ,
1355 2965 1408 3013 p.
1436 2951 1529 3012 64:
1567 2944 1668 3000 καὶ
1702 2949 1826 3011 πῶς
1862 2939 2050 3010 ἄλλως
2084 2940 2292 3013 εμελλε
2329 2947 2491 2999 θεῶν
2523 2939 2710 2997 πάντα

533 3024 863 3100 πληρώσειν
911 3028 1011 3084 καὶ
1057 3034 1142 3104 τῷ
1194 3026 1472 3105 αυτοζῴῳ
1521 3026 1907 3099 ἀνομοιώσειν
1940 3026 2006 3085 τὸ
2044 3023 2387 3098 αἰσθητὸν’
2363 3049 2398 3098 η
2432 3022 2579 3098 πρὸς
2611 3018 2713 3090 τοὶς

535 3105 776 3183 ἀφανεῖς
823 3111 1008 3180 αἰτίας
1043 3120 1161 3170 τῶν
1198 3107 1352 3171 όλων
1398 3110 1872 3184 ἀνατεινόμενος,
1909 3109 2030 3185 ,ἀφ’
2074 3114 2156 3168 ὠν
2203 3107 2377 3178 αυτὸς
2410 3115 2712 3182 πεπληρω-

532 3194 719 3266 μένος·
783 3196 1016 3256 Μέλλεν
1055 3198 1170 3256 ἀπὸ
1209 3199 1446 3273 κραδίης
1479 3197 1802 3273 προφέρειν
1836 3198 1976 3257 πάλι
2010 3194 2273 3255 θέσκελα
2310 3193 2512 3269 ῥέζων.

468 3299 551 3350 29.
589 3287 926 3339 Mandanas:
980 3305 1079 3339 vox
1132 3292 1485 3350 ,‚mundanus“
1542 3290 1640 3339 hac
1697 3289 2071 3354 significatione
2114 3305 2219 3337 non
2266 3294 2385 3336 ante
2429 3284 2712 3352 Apuleium

532 3374 814 3425 invenitur:
854 3376 918 3425 de
955 3375 1128 3439 dogm.
1164 3376 1302 3426 Plat.
1338 3377 1382 3436 Ι,
1425 3387 1514 3434 103
1551 3377 1727 3424 Herm.
1764 3375 1949 3424 Trism.
1988 3385 2044 3436 7;
2083 3373 2139 3429 83
2184 3383 2260 3419 11.

467 3471 549 3522 30.
586 3461 735 3510 olim:
770 3461 888 3510 vide
925 3461 991 3509 ad
1025 3476 1074 3511 v.
1102 3473 1183 3524 23.

633 3561 736 3610 quo
792 3573 859 3583 --
922 3563 1140 3595 numero
1155 3562 1172 3593 .·
1231 3543 1557 3608 significatur
1614 3556 1853 3591 numerus
1912 3537 2228 3605 septenarius
2285 3554 2315 3587 a
2368 3538 2590 3587 Platone
2646 3538 2713 3586 ad

536 3630 754 3680 animam
800 3631 981 3681 mundi
1035 3630 1405 3680 contexendam
1457 3626 1740 3677 adhibitus.
1822 3627 1887 3677 cf.
1931 3624 2165 3675 Macrob.
2206 3623 2262 3673 in
2295 3640 2457 3674 somn.
2493 3624 2633 3690 Scip.
2668 3624 2712 3683 Ι,

531 3728 616 3776 VI,
654 3727 747 3780 45:
784 3718 960 3767 Primo
996 3716 1224 3765 omnium
1256 3714 1357 3764 hoc
1393 3728 1603 3763 numero
1641 3712 1968 3778 (septenario)
2005 3710 2172 3760 anima
2196 3711 2454 3760 mundana
2476 3716 2716 3773 generata

533 3810 611 3852 est
669 3803 802 3852 sicut
857 3802 1102 3851 Timaeus
1159 3799 1396 3850 Platonis
1452 3797 1677 3849 edocuit.
1757 3798 1987 3848 Monade
2035 3796 2170 3845 enim
2215 3796 2269 3845 in
2314 3796 2505 3845 vertice
2546 3795 2716 3844 locata

533 3888 665 3936 terni
700 3887 900 3936 numeri
936 3888 1000 3936 ab
1040 3886 1220 3935 eadem
1257 3899 1318 3934 ex
1353 3892 1568 3950 utraque
1606 3891 1749 3949 parte
1784 3884 2052 3941 fluxerunt,
2089 3882 2153 3931 ab
2187 3880 2285 3930 hac
2320 3895 2484 3948 pares,
2522 3881 2586 3929 ab
2625 3879 2716 3928 illa

531 3972 776 4036 impareS,
812 3972 868 4020 id
905 3979 983 4020 est
1017 3979 1137 4036 post
1170 3971 1446 4021 monadem
1481 3986 1511 4019 a
1545 3976 1689 4035 parte
1726 3969 1883 4019 altera
1917 3968 2039 4026 du0,
2074 3965 2196 4015 inde
2232 3972 2490 4031 quattuor,
2527 3964 2715 4014 deinde

534 4063 682 4115 oct0,
728 4057 794 4105 ab
832 4056 991 4105 altera
1025 4072 1149 4105 vero
1184 4064 1328 4122 parte
1365 4056 1490 4115 tria,
1528 4055 1718 4105 deinde
1753 4069 1938 4104 novem
1975 4059 2025 4102 et
2057 4051 2180 4100 inde
2215 4051 2398 4115 viginti
2434 4057 2630 4117 septem
2665 4056 2717 4098 et

537 4156 600 4189 ex
645 4140 727 4189 his
773 4140 997 4189 numeris
1041 4141 1176 4190 facta
1228 4140 1488 4190 contextio
1542 4139 1923 4204 generationem
1970 4136 2165 4186 animae
2209 4136 2427 4202 imperio
2474 4134 2715 4184 creatoris

534 4224 704 4275 effecit
749 4224 901 4287 (Plat.
949 4224 1085 4276 Tim.
1134 4240 1185 4289 p.
1226 4237 1290 4288 34
1325 4226 1370 4273 B
1405 4252 1474 4263 --
1511 4236 1575 4288 37
1625 4225 1694 4282 C;
1750 4224 1814 4272 cf.
1862 4222 2099 4273 Macrob.
2146 4221 2201 4269 in
2248 4235 2411 4271 somn.
2461 4220 2601 4285 Scip.
2644 4220 2713 4278 H,

529 4323 587 4371 11,
629 4321 649 4359 1
691 4311 807 4376 sq.).
