3142 4809
627 528 664 585 5
713 525 961 600 Aurum,
1005 523 1163 600 quod
1209 526 1489 599 penetrat
1530 521 1824 580 thalamos
1866 521 2208 598 rumpitque.
2253 520 2560 597 pudorem,

709 626 843 700 Qua
889 625 1105 685 ductus
1150 642 1332 701 saepe
1376 623 1678 683 inlecebra
1723 623 1900 682 micat
1943 622 2161 701 impius
2205 624 2381 694 ensis,

706 830 776 890 In
820 829 1108 906 gremium
1155 829 1394 887 Danaes
1436 845 1558 887 non
1603 843 1751 887 auro
1795 827 1966 886 fluxit
2010 826 2244 886 adulter

708 932 990 992 Mentitus
1034 930 1230 1006 pretio
1275 928 1487 990 faeiem
1533 929 1825 1005 fulvoque
1869 928 2149 989 veneno?

707 1034 848 1094 Non
892 1031 1258 1109 Polydorum
1304 1032 1526 1110 hospes
1573 1048 1753 1091 saevo
1800 1034 1974 1091 necat
2017 1031 2236 1090 incitus
2280 1031 2472 1090 auro?

587 1140 667 1196 10
711 1135 912 1195 Altrix
956 1132 1179 1210 infelix,
1222 1133 1334 1193 sub
1381 1151 1499 1210 quo
1548 1132 1794 1193 custode
1838 1133 2046 1210 pericli

636 1364 667 1413 6
703 1364 821 1427 Quo
860 1365 1062 1415 ductuS.
1096 1392 1163 1400 —
1198 1377 1227 1428 7
1254 1364 1449 1415 danais.
1474 1393 1542 1401 —
1567 1365 1597 1413 8
1622 1364 1751 1429 ptiO.
1775 1392 1844 1402 —
1868 1377 1900 1426 9
1923 1363 2217 1430 polidorum
2239 1363 2420 1431 hospis
2443 1379 2615 1415 saeuo.
2639 1393 2707 1401 —

472 1461 532 1499 10
568 1449 765 1501 Astrix.

465 1682 512 1735 5.
548 1671 643 1719 Ad
689 1670 994 1721 sententiam
1040 1673 1104 1720 ct.
1152 1670 1322 1720 Rutil.
1369 1672 1574 1720 Namat.
1611 1672 1666 1729 Ι,
1705 1680 1830 1734 359:
1892 1671 2071 1720 Aurea
2114 1671 2367 1734 legitimas
2414 1679 2709 1737 expugnant

526 1771 740 1805 munera
790 1756 996 1816 taedas;
1060 1755 1244 1821 Sibyll.
1294 1771 1429 1806 orac.
1467 1757 1632 1815 VIII,
1670 1768 1735 1820 27
1781 1757 1882 1820 (ed.
1928 1755 2239 1819 Friedlieb):
2290 1746 2476 1810 Κοῦδὲ
2521 1748 2708 1822 γάμος

532 1828 651 1906 ἅμα
682 1843 884 1912 χρυσῷ
921 1828 1058 1903 ὅλος
1092 1836 1234 1896 ποτὲ
1270 1836 1458 1906 τίμιος
1494 1831 1682 1900 {oram
1737 1841 1809 1891 ib.
1845 1842 1942 1901 ΠΙ,
1980 1852 2062 1904 43.

465 1943 513 1992 6.
549 1943 641 1992 Ad
678 1951 894 1994 sentent.
933 1944 998 1994 cf.
1037 1943 1223 2009 Sibyll.
1260 1959 1395 1994 orac.
1420 1944 1491 2004 Π,
1522 1956 1643 2008 117:
1683 1936 1881 2012 Χρυσὲ
1917 1972 1985 1981 -
2026 1942 2151 1995 Σοῦ
2185 1936 2299 2011 γὰρ
2335 1933 2496 2010 ἕκητι
2529 1936 2708 2011 μάχαι

533 2043 599 2080 τε
652 2023 952 2095 λεηλασίαι
1008 2044 1099 2091 τε,
1159 2021 1331 2096 φόνοι
1376 2044 1467 2088 τε;
1520 2030 1619 2089 ΠΙ,
1657 2029 1783 2092 640:
1832 2023 1932 2081 καὶ
1978 2017 2173 2080 α’ντίον
2220 2020 2300 2091 εἰς
2346 2019 2470 2097 ἔριν
2517 2018 2709 2081 αὐτῶν

522 2103 775 2166 ’Ἑλθωσι
805 2114 1031 2181 χρυσοῦ
1066 2129 1132 2166 τε
1167 2108 1272 2166 καί
1305 2103 1564 2182 ἀργύρου
1604 2104 1852 2172 elimacem
1920 2114 1982 2163 cf.
2020 2114 2116 2173 111,
2155 2123 2269 2177 235.

635 2200 828 2263 impius
860 2201 1034 2248 ensis.-
1077 2200 1141 2249 cf.
1179 2200 1277 2249 ov.
1314 2199 1444 2249 Met.
1482 2199 1636 2258 XI'V,
1674 2198 1789 2248 802.

634 2285 761 2334 Post
795 2300 997 2334 versum
1032 2284 1064 2333 6
1099 2284 1346 2335 nonnulla
1383 2285 1568 2334 desunt
1583 2321 1597 2345 ,
1634 2284 1820 2350 quibus
1857 2283 2154 2349 explicetur,
2190 2283 2317 2348 quid
2341 2284 2548 2334 tandem
2584 2300 2708 2334 auro

534 2377 612 2420 tot
645 2370 872 2436 periodis
907 2370 1135 2420 relativis
1171 2378 1382 2420 onerato
1418 2369 1522 2420 fiat.

470 2484 517 2536 7.
552 2472 859 2538 Exemplum
905 2472 1113 2522 Danaes
1162 2489 1315 2538 saepe
1362 2480 1639 2538 usurpatur
1695 2472 1761 2522 ad
1808 2471 1911 2521 vim
1964 2470 2073 2520 auri
2121 2471 2584 2522 demonstrandam.
2644 2474 2709 2522 ci.

535 2559 665 2607 Hor.
704 2574 748 2607 c.
786 2558 884 2617 III,
927 2557 1004 2617 16,
1047 2569 1067 2606 1
1109 2574 1213 2623 sq.;
1250 2558 1488 2607 Lactant.
1526 2558 1646 2608 inst.
1685 2558 1789 2607 div.
1824 2558 1867 2617 Ι,
1905 2569 1963 2616 2;
2012 2558 2188 2606 Aetna
2223 2557 2315 2616 88;
2350 2557 2521 2607 Rutil.
2556 2558 2708 2607 Nam.

534 2644 577 2702 Ι,
615 2644 739 2707 36ος
779 2643 977 2709 Sulpic.
1017 2644 1234 2709 Luperc.
1275 2644 1338 2692 de
1375 2643 1549 2709 cupid.
1588 2655 1646 2706 7:
1684 2643 1769 2692 Sic
1807 2642 2067 2708 quondam
2103 2642 2341 2691 Acrisiae
2375 2642 2429 2692 in
2465 2642 2711 2705 gremium

536 2744 627 2794 per
662 2729 884 2777 claustra
919 2729 1120 2794 puellae
1158 2728 1472 2796 Corruptore
1509 2744 1634 2778 auro
1671 2728 1814 2777 fluxit
1849 2727 2172 2777 adulterium.

472 2831 521 2880 8.
558 2830 653 2879 Ad
700 2832 1003 2881 sententiam
1049 2832 1113 2882 cf.
1163 2832 1293 2882 Stat.
1330 2831 1499 2886 Theb,
1537 2833 1580 2891 I,
1617 2841 1745 2895 253:
1802 2830 1925 2880 licet
1959 2830 2119 2896 septis
2166 2837 2217 2879 et
2261 2831 2483 2880 turribus
2529 2845 2713 2879 aureus

537 2917 696 2966 intres
730 2917 964 2967 Mentitis
998 2917 1214 2982 ignosco
1250 2918 1392 2968 toris.

639 3005 887 3051 mentitus
931 3003 1164 3069 factem:
1222 3004 1286 3052 cf.
1334 3003 1516 3053 Manil.
1571 3002 1787 3052 Astron.
1836 3018 1886 3066 p.
1926 3002 2017 3065 65,
2064 3012 2126 3065 25
2195 3001 2297 3063 (ed.
2332 3003 2437 3051 Ios.
2474 3000 2710 3065 Scalig.):

537 3087 788 3135 Mentitur
823 3087 1004 3136 faciem
1042 3089 1279 3138 mundus,

473 3199 522 3248 9.
560 3187 811 3251 Polydori
844 3188 949 3236 fere
982 3188 1175 3237 mentio
1210 3188 1295 3247 fit,
1350 3189 1442 3238 ubi
1491 3189 1637 3248 „auri
1685 3204 1830 3238 sacra
1873 3189 2063 3237 fames“
2109 3187 2177 3238 ad
2211 3188 2433 3252 pessima
2476 3204 2711 3253 quaeque

540 3272 736 3320 ducens
771 3272 1098 3322 describitur.
1135 3273 1199 3322 cf.
1235 3274 1394 3337 Prop.
1431 3273 1531 3335 (ed.
1569 3274 1629 3324 L.
1664 3273 1869 3336 Miiller)
1904 3274 1998 3333 IV,
2041 3284 2117 3333 12,
2157 3283 2217 3338 55
2256 3290 2332 3339 sq.

640 3373 824 3406 saevo:
861 3356 965 3405 Cur
995 3356 1272 3408 Baehrens,
1299 3362 1550 3417 ,‚scaevo“
1588 3357 1671 3407 vel
1706 3359 1927 3418 ‚,foedo“
1963 3358 2124 3417 malit,
2162 3374 2315 3423 quam
2350 3363 2574 3418 „saevo“
2608 3375 2713 3409 non

536 3443 724 3492 video:
762 3444 826 3493 cf.
864 3442 995 3494 Stat.
1032 3441 1200 3493 Theb.
1237 3444 1337 3503 III,
1374 3454 1500 3508 709:
1547 3458 1805 3509 saevoque
1840 3459 1996 3507 genas
2032 3443 2296 3507 fulgebitis
2331 3459 2473 3494 auro.

476 3556 553 3594 10.
590 3548 686 3594 sub
730 3562 831 3609 quo
885 3548 1093 3595 custode
1125 3548 1321 3610 pericli
1373 3545 1711 3596 Commendas
1762 3553 1974 3595 natum:
2019 3546 2107 3596 Bs.
2154 3547 2299 3596 coni:
2355 3547 2438 3596 cui
2485 3547 2712 3598 mandas·

538 3632 684 3680 Haec
731 3629 1028 3680 Baehrensii
1073 3632 1368 3682 coniectura
1383 3669 1395 3692 ‚
1451 3648 1554 3697 qua
1590 3632 1959 3697 Polymestoris
2007 3648 2278 3698 personam
2324 3632 2379 3682 in
2412 3648 2611 3682 versum
2653 3644 2672 3681 1
2687 3645 2707 3682 1

537 3713 819 3766 introducit
864 3716 991 3765 mihi
1025 3716 1192 3767 minus
1225 3717 1422 3782 placet:
1470 3733 1647 3767 versus
1685 3718 1820 3767 enim
1861 3729 1920 3765 12
1957 3725 2187 3782 repetere
2223 3717 2350 3767 mihi
2386 3718 2589 3767 videtur
2623 3733 2715 3783 per

539 3801 817 3851 chiasmum
853 3801 1159 3851 sententiam
1192 3818 1273 3852 W.
1304 3814 1366 3851 10
1401 3811 1453 3852 et
1490 3815 1567 3863 11,
1603 3804 1679 3852 ita
1711 3810 1769 3852 ut
1804 3802 1926 3862 „Fit
1950 3810 2090 3852 tutor
2113 3802 2291 3868 pueri“
2329 3801 2399 3852 ad
2435 3803 2551 3862 „cui
2573 3803 2716 3866 regia

537 3888 756 3952 pignora
798 3887 999 3936 credis“
1048 3895 1099 3937 et
1147 3887 1237 3947 „fit
1285 3895 1460 3938 custos
1508 3888 1772 3952 sanguinis
1821 3892 2032 3936 aurum“
2081 3886 2148 3936 ad
2192 3886 2321 3946 „sub
2360 3902 2465 3952 quo
2499 3889 2715 3939 custode

539 3971 716 4036 pericli
751 3972 1092 4022 Commendas
1137 3978 1345 4022 natum“
1392 3973 1712 4022 referendum
1762 3972 1829 4021 sit
1843 4008 1855 4031 ,
1902 3977 2114 4035 totaque
2151 3971 2401 4021 sententia
2437 3973 2504 4020 ad
2538 3974 2715 4024 aurum

541 4064 750 4120 spectet.
814 4059 999 4123 Itaque
1035 4064 1122 4107 aut
1158 4057 1354 4108 codicis
1388 4058 1548 4107 lectio
1583 4057 1852 4106 retinenda
1888 4062 1981 4115 est,
2016 4055 2144 4104 mira
2178 4070 2299 4105 sane
2335 4059 2715 4108 constructione

539 4142 925 4202 „commendare
961 4142 1185 4207 aliquem
1220 4144 1317 4192 sub
1354 4142 1565 4207 aliquo“
1602 4142 1820 4205 (dictum
1856 4147 1952 4199 est,
1987 4147 2045 4188 ut
2079 4140 2298 4200 videtur,
2335 4141 2573 4205 analogia
2605 4158 2714 4191 ver-

535 4227 744 4276 borum:
797 4242 990 4293 ponere
1027 4228 1174 4290 (Hor.
1211 4243 1256 4277 c.
1293 4229 1336 4288 Ι,
1376 4238 1456 4286 22,
1493 4228 1596 4290 21),
1643 4226 1844 4275 mittere
1881 4223 2013 4288 (Liv.
2052 4236 2098 4286 3,
2138 4223 2237 4286 28),
2276 4225 2544 4275 demittere
2581 4226 2713 4289 (Liv.

539 4324 619 4373 22,
659 4322 738 4377 57,
775 4313 826 4376 6)
862 4311 1087 4377 aliquem
1122 4311 1217 4360 sub
1254 4311 1426 4376 aliqua
1460 4313 1533 4374 re)
1570 4317 1658 4360 aut
1695 4310 1893 4376 aliquid
1929 4306 2072 4357 aliud
2108 4309 2506 4373 excogitandum
2543 4316 2637 4359 est.
