3142 4809
2602 331 2679 392 13

440 510 583 571 tatis
641 512 859 569 certam
924 508 1326 568 coniecturam
1372 507 1570 566 facere
1617 525 1736 566 non
1781 524 2114 584 possumne.
2202 507 2417 582 Neque
2465 505 2685 565 indicia

444 614 774 689 suppetunt
815 609 893 670 ad
926 629 1055 670 eam
1095 629 1220 670 rem
1252 608 1714 685 diiudicandam,
1744 627 1884 668 num
1917 608 2274 669 Tiberianus
2304 626 2415 669 sua
2441 606 2686 667 aliunde

443 714 780 791 sumpserit.
864 712 1029 771 Haec
1073 713 1254 789 igitur
1299 710 1663 771 felicioribus
1709 710 2005 787 relinquo.

595 1070 743 1180 Iam
777 1138 1016 1179 carmen
1043 1118 1117 1190 11,
1149 1117 1226 1177 ad
1258 1117 1422 1196 quod
1451 1116 1612 1178 nun'c
1636 1120 1975 1197 transimus,
2005 1137 2103 1179 res
2125 1121 2411 1180 tractatas
2433 1118 2482 1178 si
2507 1120 2690 1197 respi-

449 1224 651 1292 cimus,
682 1222 812 1282 sine
843 1220 1022 1280 dubio
1061 1221 1132 1280 iis
1162 1220 1533 1298 temporibus
1564 1221 1849 1297 scriptum
1882 1225 1987 1297 est,
2016 1221 2234 1298 quibus
2263 1222 2464 1281 variae
2495 1222 2689 1282 vario-

449 1343 581 1384 rum
626 1322 1121 1400 philosophorum
1164 1325 1499 1382 sententiae
1547 1324 1764 1382 mixtae
1809 1328 1950 1382 sunt
1994 1325 2193 1398 (quem
2241 1341 2352 1383 nos
2405 1324 2691 1401 „Syncre-

451 1417 722 1485 tismnm“
749 1422 1077 1496 vocamus).
1165 1425 1319 1484 Nam
1352 1426 1777 1484 commentario
1813 1424 2170 1502 docebimuS,
2201 1426 2314 1485 hoc
2345 1443 2582 1485 carmen
2614 1426 2692 1485 ad

450 1529 719 1588 Platonis
762 1528 822 1588 in
854 1527 1100 1587 Timaeo
1131 1527 1350 1605 placita
1380 1527 1663 1587 admixtis
1695 1526 2113 1606 Orphicorum,
2158 1528 2694 1606 Pythagoreorum,

451 1631 782 1691 Stoicorum
811 1629 1120 1689 sententiis
1144 1631 1533 1705 compositum
1566 1647 1713 1689 esse.
1768 1631 2090 1690 Praeterea
2110 1631 2394 1708 breviter,
2416 1630 2514 1690 ubi
2540 1648 2693 1708 opus

453 1736 560 1810 est,
602 1730 806 1791 variae
852 1731 1122 1792 codicum
1166 1732 1451 1793 lectiones
1495 1731 1882 1809 attingendae
1928 1735 1989 1791 et
2033 1750 2189 1808 quae
2250 1733 2487 1792 insolite
2535 1732 2695 1793 dicta

451 1838 604 1911 sunt,
647 1832 996 1894 adnotanda
1041 1852 1171 1894 esse
1216 1834 1514 1894 videntur.

620 1936 961 2013 Antequam
1009 1941 1205 1995 autem
1253 1935 1331 1996 ad
1376 1954 1613 1996 carmen
1657 1937 1852 2013 ipsum
1898 1936 2227 2012 veniamus,
2270 1936 2346 1995 de
2391 1936 2697 1997 codicibus

454 2057 588 2098 mss.
636 2038 1049 2099 disserendum
1096 2056 1227 2099 esse
1273 2038 1530 2099 videtur.
1620 2038 1874 2099 Codices
1918 2056 2061 2099 vero
2108 2038 2168 2097 hi
2214 2044 2383 2099 sunt:

624 2141 680 2199 P
718 2165 802 2186 =
847 2139 978 2201 cod.
1022 2142 1211 2201 Paris.
1257 2145 1421 2202 2772
1468 2141 1711 2201 membr.
1752 2142 1813 2200 in
1858 2160 1957 2218 qu.
2004 2159 2084 2201 sc.
2114 2141 2359 2201 X—XI.
2445 2141 2695 2214 Quiche-

452 2246 621 2304 ratus
651 2244 923 2322 contulit,
953 2244 1054 2319 qui
1085 2262 1324 2304 carmen
1357 2244 1433 2304 ad
1464 2245 1643 2308 huius
1675 2243 1896 2305 codicis
1924 2242 2099 2303 fidem
2143 2245 2304 2321 typis
2334 2245 2696 2321 exscriptum

455 2345 697 2406 editioni
747 2363 892 2406 suae
923 2348 1293 2424 praetexuit3
1335 2348 1551 2408 iterum
1582 2347 1835 2406 contulit
1863 2328 1936 2406 Ᾱ.
1967 2347 2216 2406 Riesius.
2246 2375 2333 2387 —-
2363 2347 2696 2406 Verborum

456 2448 803 2508 divisionem
848 2449 909 2508 in
954 2447 1011 2506 P
1056 2450 1558 2527 corruptissimam
1608 2468 1727 2509 non
1772 2450 1973 2509 affero.

626 2550 683 2609 Β
726 2574 809 2596 =
854 2550 985 2610 cod.
1061 2552 1265 2627 Regin.
1321 2551 1591 2611 Vatican.
1649 2555 1771 2612 215
1835 2569 1918 2610 sc.
1976 2551 2122 2610 VIlI
2175 2551 2449 2611 exeuntis
2507 2551 2697 2610 Baeh-

455 2654 690 2712 rensius
735 2652 1013 2724 contulit;
1069 2654 1247 2714 huius
1311 2653 1530 2714 codicis
1585 2672 1751 2713 suam
1812 2653 2186 2713 collationem
2233 2652 2305 2712 A.
2348 2652 2585 2714 Riesius
2630 2653 2699 2712 li·

459 2753 823 2814 beralissime
868 2774 1097 2816 mecum
1144 2756 1632 2834 communicavit;
1675 2775 1751 2815 ex
1799 2755 1926 2814 cod.
1971 2755 2027 2813 Β
2072 2753 2411 2833 descriptus
2449 2759 2542 2814 est
2569 2756 2700 2815 cod.

457 2857 646 2915 Paris.
661 2859 827 2918 4883
849 2858 919 2916 A.
938 2858 1179 2918 membr.
1195 2857 1257 2919 in
1290 2858 1390 2920 fol.
1417 2877 1496 2919 sc.
1515 2859 1601 2918 XI
1617 2856 1799 2935 (apud
1838 2858 2097 2918 Riesium
2131 2857 2283 2935 siglo
2303 2856 2351 2927 Q
2382 2854 2697 2934 signatus).

627 2958 677 3016 S
714 2984 797 3005 =
842 2958 973 3020 cod.
1016 2962 1204 3020 Paris.
1256 2965 1463 3023 17160
1507 2979 1592 3020 sc.
1635 2961 1749 3020 ΧΠ
1793 2961 2193 3020 Baehrensius
2239 2961 2506 3019 contulit.

643 3060 696 3117 V
731 3087 813 3107 =
860 3061 992 3122 cod.
1044 3064 1373 3124 Vindobon.
1421 3068 1540 3126 143
1589 3082 1672 3123 sc.
1718 3064 1861 3123 XlIl
1916 3063 1990 3121 ab
2036 3064 2298 3138 Hauptio
2357 3061 2629 3122 collatus.

631 3163 805 3221 Ratio
849 3169 1074 3241 autem,
1129 3184 1285 3241 quae
1327 3166 1482 3226 inter
1529 3169 1816 3244 quattuor
1862 3164 2099 3226 codices
2150 3164 2495 3241 intercedit,
2551 3163 2700 3224 haec

463 3266 577 3323 est:
622 3266 790 3322 Duas
835 3264 1120 3324 habemus
1166 3268 1335 3343 quasi
1367 3267 1639 3345 familias,
1684 3286 1935 3345 quarum
1967 3267 2161 3327 altera
2193 3267 2249 3324 P
2286 3270 2345 3326 et
2405 3266 2465 3344 V,
2509 3266 2704 3327 altera

460 3365 509 3423 S
548 3370 608 3426 et
653 3366 710 3425 Β
753 3366 992 3427 codices
1039 3371 1318 3429 continet.
1408 3370 1464 3427 P
1502 3377 1560 3429 et
1608 3371 1655 3426 V
1710 3389 1785 3430 ex
1848 3369 2053 3430 eodem
2100 3369 2264 3429 fonte
2309 3369 2554 3428 fluxisse
2600 3388 2701 3447 ap-

460 3476 632 3544 paret
660 3488 733 3528 ex
779 3470 871 3530 his
915 3471 1305 3531 lectionibus:
1349 3472 1702 3549 Inscriptum
1749 3502 1833 3512 --
1880 3491 1932 3531 v.
1969 3477 2029 3532 1:
2076 3473 2327 3549 suscipit
2371 3500 2455 3511 --
2501 3490 2553 3529 v.
2598 3475 2701 3532 15:

461 3588 653 3630 saram
703 3569 861 3642 (nam
912 3572 962 3628 V
1004 3579 1211 3651 aperte
1271 3579 1577 3634 correctus
1623 3572 1771 3652 est),
1827 3581 2035 3635 contra
2092 3576 2141 3632 S
2178 3581 2237 3635 et
2281 3575 2337 3633 Β
2382 3575 2457 3634 ad
2517 3593 2700 3634 unum

464 3673 771 3748 exemplar
826 3673 901 3733 ab
961 3675 1061 3734 illo
1122 3676 1422 3737 diversum
1497 3677 1871 3737 revocandos
1935 3696 2066 3738 esse
2129 3681 2382 3755 apparet
2442 3695 2513 3736 ex
2578 3677 2699 3736 his:

463 3793 515 3832 v.
567 3778 669 3835 14:
713 3779 982 3853 tempora
1026 3807 1110 3816 —
1157 3798 1208 3836 v.
1256 3784 1360 3839 21:
1408 3779 1523 3839 dei.

632 3879 752 3937 Iam
810 3880 860 3938 si
919 3880 1309 3957 archetypum
1370 3881 1643 3942 codicum
1691 3883 1746 3939 P
1788 3885 1847 3941 et
1895 3881 1948 3938 V
1981 3881 2133 3959 siglo
2178 3882 2267 3960 X,
2311 3881 2717 3958 archetypumv

464 3979 730 4040 codicum
765 3982 813 4039 S
839 3986 899 4041 et
928 3982 987 4041 Β
1015 3982 1163 4058 siglo
1203 3980 1266 4042 Ψ
1303 3985 1624 4061 signamus,
1669 3989 1885 4043 neutra
1929 3984 2212 4043 memoria
2254 3984 2428 4043 alteri
2471 3988 2702 4044 tantum

463 4088 743 4157 praestat,
788 4089 854 4143 ut
881 4085 1150 4160 inprimis
1194 4087 1500 4162 sequenda
1523 4088 1614 4145 sit.
1688 4087 1842 4145 Nam
1875 4104 2009 4145 cum
2042 4088 2326 4145 memoria
2355 4085 2425 4143 Χ
2448 4104 2704 4162 corpora

462 4183 609 4267 (⁸14),
641 4184 814 4244 deum
855 4179 992 4263 (21)
1023 4188 1383 4264 suppeditet,
1443 4185 1506 4245 Ψ
1533 4188 1733 4246 habet:
1778 4192 2082 4265 superstes
2129 4184 2237 4263 (8),
2267 4189 2550 4246 iuventae
2596 4186 2704 4259 (iu-

463 4286 638 4348 bente
672 4292 720 4345 S
745 4306 799 4347 v.
832 4284 955 4358 25).
1042 4289 1275 4348 Neutra
1319 4292 1519 4349 autem
1567 4292 1849 4349 memoria
1895 4289 1980 4349 uti
2026 4289 2166 4347 licet
2208 4289 2268 4348 in
2304 4306 2362 4346 v.
2398 4290 2497 4363 13,
2546 4286 2705 4347 unde
