3142 4809
2583 338 2659 395 15

425 520 699 583 Omnium
757 518 937 594 igitur
998 515 1203 594 optimi
1249 518 1391 574 sunt
1436 515 1491 571 P
1528 518 1587 573 et
1630 512 1700 591 S,
1759 515 1862 591 qui
1920 531 2150 573 summa
2205 509 2322 570 fide
2381 510 2663 587 descripti

426 625 601 700 sunt,
644 619 915 698 quamvis
961 618 1259 678 erroribus
1305 635 1424 677 non
1470 617 1677 693 liberi3
1732 614 2004 691 sequitur
2079 613 2135 670 V
2171 612 2467 673 nonnullis
2522 612 2667 672 loeis

429 745 505 787 ex
551 722 896 784 coniectura
941 723 1271 790 eorreot11s3
1315 717 1674 778 deterrimus
1720 735 1864 776 vero
1910 721 2000 776 est
2043 716 2115 793 R,
2163 716 2264 792 qui
2311 732 2429 773 non
2476 714 2667 773 solum

431 825 790 887 coniecturis
834 841 953 882 non
999 824 1210 899 vacat,
1269 820 1374 882 sed
1430 839 1506 880 ne
1549 820 1847 897 integram
1895 818 2134 896 quidem
2180 818 2360 877 unius
2406 815 2669 876 familiae

433 928 770 990 memoriam
815 925 1073 986 exhibet.
1157 973 1163 977 .

1499 1121 1619 1204 11.

538 1280 818 1359 [Versus
860 1281 1169 1338 Platonis
1212 1296 1254 1337 a
1299 1283 1604 1348 quodam
1649 1282 2011 1338 Tiberiano
2057 1282 2148 1337 de
2194 1281 2460 1336 Graeco
2504 1279 2578 1334 in

1194 1384 1518 1441 Latinum
1558 1380 1921 1459 translati}

695 1535 1106 1616 Omnipotens,
1149 1556 1378 1599 annosa
1420 1540 1546 1616 poli
1594 1558 1771 1616 quem
1816 1538 2065 1614 suspicit
2108 1542 2288 1614 aetas,

696 1640 887 1713 Quem
931 1640 1045 1700 sub
1088 1641 1339 1701 millenis
1382 1659 1615 1719 semper
1658 1640 1979 1701 virtutibus
2025 1659 2208 1700 unum

610 1805 946 1869 Inscriptum:
995 1805 1193 1854 Versus
1236 1805 1469 1855 Platonis
1515 1805 1583 1853 ad
1626 1805 1853 1870 quodam
1888 1804 2167 1853 Tiberiano
2203 1803 2477 1867 (quendam
2512 1802 2683 1867 Tybe-

443 1890 639 1939 rianum
709 1891 783 1954 V.)
841 1891 906 1941 de
971 1906 1125 1954 greco
1176 1891 1232 1939 in
1280 1892 1496 1941 latinum
1548 1891 1783 1940 translati
1836 1890 2100 1959 (translate
2153 1891 2228 1952 V.)
2278 1890 2397 1937 PV.
2490 1888 2684 1937 Versus

446 1971 679 2025 Pl'atonis
716 1976 783 2025 de
818 1958 887 2025 (ἶο
922 1977 991 2026 R.
1061 1975 1211 2026 Nihil
1245 1976 1548 2041 inscriptum
1583 1977 1637 2026 in
1678 1977 1733 2026 S.

621 2073 641 2109 1
683 2060 900 2127 suscipit
935 2062 1055 2111 PV.
1092 2089 1161 2099 —
1195 2074 1226 2110 2
1262 2061 1498 2111 mellenis
1535 2062 1599 2111 P.
1638 2077 1803 2127 semp.
1842 2076 1942 2110 om.
1980 2062 2049 2110 R.
2087 2087 2154 2097 —

455 2243 498 2281 1.
546 2232 913 2295 Ommjpotens:
966 2233 1047 2281 Ita
1090 2233 1145 2282 in
1193 2232 1437 2299 Orphicis
1485 2247 1711 2283 summus
1760 2234 1891 2284 deus
1935 2232 2125 2298 passim
2162 2230 2471 2296 appellatur:
2527 2227 2687 2276 Clem.

518 2315 705 2366 Strom.
743 2318 810 2377 V,
851 2330 912 2380 14
947 2333 998 2382 p.
1037 2330 1163 2382 724:
1203 2306 1327 2371 εἶτα
1375 2310 1643 2388 ἐπιφέρει
1689 2309 1959 2388 (Ὀρφεὺς)
2009 2313 2196 2386 ῥητῶς
2241 2307 2689 2384 παντοκράτορα

520 2391 825 2466 ὀνομάζων
857 2395 961 2454 τὸν
1003 2397 1176 2462 θεόνς
1216 2404 1389 2456 Valet.
1427 2405 1606 2455 Soran.
1655 2421 1737 2471 ap.
1775 2403 2060 2469 Augustin.
2112 2405 2176 2453 de
2212 2404 2309 2453 εἰν.
2347 2401 2432 2452 dei
2467 2402 2588 2460 VII,
2624 2412 2690 2462 9:

518 2486 716 2551 Iupiter
751 2489 1076 2554 omnipotens
1110 2506 1304 2554 regum.
1341 2519 1407 2529 --
1453 2493 1600 2541 Haec
1636 2500 1806 2541 autem
1840 2491 2086 2541 allocutio
2123 2490 2532 2555 ,‚Omnipotens“
2549 2523 2562 2546 ‚
2598 2501 2692 2535 nec

519 2573 727 2623 nomine
775 2573 951 2639 aliquo
998 2591 1095 2624 nec
1141 2575 1396 2626 vocabulo
1434 2577 1518 2625 dei
1554 2577 1735 2626 addito
1750 2612 1763 2636 ,
1820 2577 1894 2626 ita
1927 2584 1987 2626 ut
2021 2592 2122 2625 vox
2158 2575 2563 2638 ‚,Omnipotens“
2599 2586 2695 2637 pro

523 2659 843 2710 substantivo
879 2661 963 2720 sit,
997 2662 1226 2727 proxime
1261 2662 1463 2713 accedit
1497 2664 1564 2712 ad
1599 2678 1793 2712 morem
1827 2663 2136 2712 Iudaeorum
2171 2669 2224 2711 et
2260 2659 2694 2710 Christianorum:

525 2743 588 2791 cf.
626 2744 810 2809 Sibyll.
849 2761 986 2797 orac.
1004 2747 1047 2808 I,
1066 2746 1158 2796 66:
1196 2737 1371 2810 αὐτὸς
1407 2737 1438 2800 ὃ
1475 2741 1926 2816 παντοκράτωρς
1982 2748 2186 2798 Auson.
2212 2746 2429 2812 Ephem.
2461 2746 2553 2809 (or.
2586 2743 2697 2806 153)

532 2839 584 2877 1:
623 2830 981 2897 Omnipotens.

461 2922 508 2962 2.
545 2913 632 2963 Sic
677 2915 732 2964 in
776 2917 893 2983 ipso
937 2919 1114 2969 limine
1163 2921 1400 2971 carminis
1445 2938 1505 2971 ea
1553 2921 1807 2972 sententia
1854 2921 2104 2980 occurrit,
2154 2935 2287 2985 quae
2334 2926 2412 2968 est
2458 2923 2612 2982 caput
2648 2923 2699 2964 et

525 2999 836 3069 principium
869 3005 1105 3055 Platonis
1150 3007 1216 3056 de
1264 3008 1363 3057 deo
1406 3008 1688 3058 doctrinae.
1759 3009 1928 3056 Recte
1966 3006 2112 3055 affert
2146 3004 2493 3068 Quicheratus
2527 3002 2700 3050 locum

527 3086 729 3151 Apulei
749 3089 814 3138 de
839 3090 1013 3153 dogm.
1037 3091 1174 3142 Plat.
1198 3094 1242 3152 Ι,
1268 3102 1324 3156 5:
1361 3094 1449 3154 „Is
1484 3109 1644 3153 unus,
1682 3093 1754 3142 ait
1788 3092 1978 3156 (Plato)
2016 3081 2402 3159 οἷπερίμετρος
2431 3102 2700 3152 rerumque

533 3172 786 3232 genitor“.
2532 3169 2537 3173 ’

633 3258 744 3307 Iam
778 3257 880 3308 hoc
917 3275 1065 3311 versu
1100 3263 1236 3313 idem
1270 3265 1388 3329 fere·
1411 3264 1748 3329 significatur,
1786 3279 1845 3313 ac
1881 3280 1928 3314 v,
1968 3275 2024 3327 7:
2062 3265 2161 3327 <Tu
2199 3262 2367 3321 solus,
2421 3268 2477 3309 tu
2512 3258 2703 3308 multus

528 3342 671 3408 item)
708 3351 760 3393 et
783 3361 864 3395 vv.
891 3358 1118 3397 20—21:
1154 3352 1251 3413 (Tu
1287 3367 1449 3414 genus
1485 3367 1635 3400 omne
1672 3351 1825 3400 deum
1861 3377 1928 3386 -—
1966 3348 2093 3398 deus
2126 3345 2511 3397 innumerabilis
2535 3344 2703 3407 unus),

476 3459 479 3466 -
530 3446 647 3480 nam
682 3447 813 3496 quae
848 3432 958 3482 illic
992 3434 1206 3485 virtutes
1241 3437 1393 3486 unius
1430 3437 1531 3497 dei,
1566 3436 1654 3486 hic
1691 3436 1765 3485 dii
1789 3435 2128 3502 appellantur.
2176 3434 2241 3483 cf.
2267 3434 2440 3482 Lutat.
2466 3430 2549 3480 ad.
2572 3429 2702 3478 Stat.

529 3516 698 3567 Theb.
733 3519 828 3578 IV,
867 3520 979 3582 526,
1018 3521 1108 3586 qui
1155 3521 1283 3572 dicit
1327 3524 1518 3583 „deum
1564 3524 1966 3587 Demogorgona
2009 3536 2260 3571 summum
2275 3557 2287 3580 ,
2336 3518 2483 3568 cuius
2517 3530 2706 3566 nomen

535 3603 664 3652 scire
707 3619 812 3653 non
856 3605 995 3659 licet.
1073 3608 1270 3659 Infiniti
1315 3617 1485 3659 autem
1529 3608 1961 3675 philosophorum
1974 3645 1987 3669 ‚
2024 3609 2298 3673 Magorum
2341 3606 2530 3655 Persae
2567 3602 2659 3666 (sic
2673 3598 2705 3664 l)

536 3689 690 3739 etiam
734 3691 1034 3743 confirmant
1078 3702 1280 3761 praeter
1321 3694 1418 3745 hos
1468 3695 1596 3745 deos
1643 3696 1881 3760 cognitos
1895 3731 1909 3755 ,
1963 3695 2053 3760 qui
2100 3694 2338 3744 coluntur
2381 3693 2437 3742 in
2486 3692 2706 3757 tempIiS,

535 3774 690 3825 alium
724 3778 1009 3845 principem
1045 3787 1098 3829 et
1130 3779 1403 3830 maximum
1439 3781 1653 3830 deorum
1688 3788 1973 3831 ceterorum
2008 3780 2355 3829 ordinatorem
2382 3808 2449 3815 -—
2474 3779 2538 3828 de
2563 3778 2708 3828 cuius

534 3877 719 3924 genere
769 3871 890 3913 sunt
937 3865 1036 3915 soli
1085 3866 1165 3915 sol
1209 3873 1261 3916 et
1293 3855 1443 3925 luna3
1497 3873 1667 3915 cetera
1702 3881 1823 3915 vero
1858 3873 1990 3915 astra
2024 3864 2374 3925 nominantur,
2431 3880 2562 3930 quae
2598 3863 2709 3914 eius

536 3946 819 3999 clarescunt
866 3950 1050 4015 spiritu
1096 3959 1303 4000 auctore
1350 3950 1648 4015 Pythagora
1695 3958 1747 4000 et
1797 3950 2015 4000 Platone
2063 3957 2115 4000 et
2161 3952 2373 4014 Tagete.
2421 3978 2490 3989 —
2536 3950 2710 4000 Huius

537 4046 721 4082 nomen
757 4035 842 4086 dei
879 4035 1000 4085 sciri
1032 4052 1140 4085 non
1172 4042 1361 4102 potest.
1398 4064 1466 4072 —-
1502 4036 1606 4085 Sed
1643 4052 1759 4085 cum
1792 4035 1939 4100 Magi
1974 4033 2164 4086 vellent
2199 4036 2402 4087 virtutis
2437 4037 2547 4087 eius
2572 4053 2709 4086 com·

538 4117 851 4182 prehendere
889 4121 1116 4185 singulas
1153 4121 1548 4187 appellationes,
1594 4121 1688 4171 has
1723 4138 1814 4189 per
1848 4129 2142 4171 naturarum
2177 4129 2461 4187 potestates
2495 4123 2711 4172 abusivo

535 4204 692 4253 modo
729 4206 1063 4270 designarunt
1088 4214 1139 4256 et
1162 4208 1309 4272 quasi
1333 4207 1668 4274 plurimorum
1690 4208 1952 4257 numinum
1982 4208 2255 4258 nobilitate
2281 4209 2432 4258 deum
2456 4208 2712 4273 appellare

539 4290 709 4341 conati
756 4300 902 4353 sunt,
958 4291 1107 4358 quasi
1153 4292 1216 4341 ab
1253 4292 1441 4343 affectu
1479 4292 1647 4342 ductis
1681 4294 1758 4343 rei
1793 4294 2039 4361 cuiusque
2075 4294 2361 4345 vocabulis,
2433 4293 2578 4341 Sicut
2612 4291 2711 4341 Or-
