3142 4809
1621 311 1698 372 Ἀ)
2619 330 2708 393 π

638 517 730 574 De
776 513 1112 575 elocutione
1155 516 1350 574 autem
1399 513 1549 571 haec
1595 510 1915 570 habemus:
1961 505 2304 569 Sententiae
2347 506 2710 568 Tiberianus
2744 532 2748 538 v

467 616 601 677 aliis
645 616 848 675 verbis
893 615 1132 692 repetiit
1174 613 1295 687 (vv.
1328 617 1513 675 1--4
1558 612 1634 672 cf.
1680 615 1982 687 24—263
2025 629 2083 669 v.
2124 611 2162 671 5
2208 608 2285 669 cf.
2330 627 2385 668 v.
2426 611 2531 684 193
2575 625 2632 667 v.
2671 610 2708 667 6

468 717 545 778 cf.
589 737 645 777 v,
684 714 816 797 23),
872 734 1069 793 neque
1124 718 1184 776 in
1246 716 1497 794 singulis
1553 714 1734 775 rebus
1788 711 2142 774 enarrandis
2201 707 2452 786 singulis
2507 707 2711 768 verbis

468 822 788 880 contentus
833 819 945 880 fuit
989 816 1112 892 (vv.
1143 822 1336 897 3-43
1382 821 1448 895 53
1491 821 1554 895 83
1606 820 1880 893 10—11;
1930 817 2033 892 12,
2084 816 2359 888 13-14;
2407 808 2533 884 22).
2620 810 2710 870 Ex

466 921 670 999 figuris
714 922 1027 983 rhetoricis
1069 922 1224 982 binis
1263 922 1411 981 locis
1443 919 1766 980 antithesin
1799 916 1882 992 (v.
1913 920 2025 995 19,
2072 913 2179 989 21)
2211 919 2272 976 et
2300 912 2709 991 apostrophen

466 1021 715 1103 (10,sq.;
760 1026 839 1085 23
863 1025 995 1101 sq.),
1039 1027 1257 1100 quater
1301 1023 1665 1098 anaphoram
1711 1018 1806 1094 (1,
1854 1025 1925 1098 3,
1971 1022 2042 1096 53
2090 1022 2201 1094 123
2247 1020 2357 1094 223
2403 1010 2709 1087 24-25)

464 1125 753 1185 adhibuit.
843 1127 1163 1186 Praeterea
1207 1124 1473 1185 notanda
1518 1128 1609 1184 est
1638 1123 2004 1182 abundantia
2032 1120 2417 1198 periodorum
2447 1115 2710 1178 relativis

466 1227 921 1305 pronominibus
967 1244 1099 1286 cum
1147 1246 1267 1287 uno
1311 1228 1497 1286 verbo
1543 1224 1904 1303 explicando
1949 1224 2425 1299 coniunctarum3
2471 1220 2709 1280 omnino

477 1334 677 1389 tumor
724 1329 963 1406 quidam
1010 1333 1070 1389 et
1111 1329 1447 1389 verbositas
1493 1329 1729 1387 minime
1775 1325 2142 1387 sententiosa
2182 1325 2240 1384 in
2289 1327 2414 1383 toto
2449 1320 2711 1382 carmine

466 1431 784 1492 invenitur.

645 1534 726 1593 At
784 1533 990 1593 melius
1047 1552 1143 1593 res
1202 1534 1447 1593 metrica
1502 1552 1566 1592 se
1628 1533 1837 1595 habet:
1896 1533 1956 1591 in
2011 1548 2131 1608 qua
2192 1526 2529 1588 enarranda
2573 1542 2708 1584 eum

466 1635 742 1698 ordinem
789 1653 1138 1714 sequemur,
1198 1641 1263 1695 ut
1306 1637 1560 1712 primum
1608 1635 1681 1695 de
1724 1634 1977 1712 pedibus
2020 1649 2332 1706 versuum,
2377 1627 2592 1689 deinde
2636 1626 2712 1686 de

467 1755 718 1798 caesura
764 1742 824 1797 et
867 1738 1179 1815 rhythmis,
1224 1737 1486 1814 denique
1531 1736 1607 1796 de
1652 1738 1897 1799 elisione
1941 1752 2201 1812 agamus.

636 1840 900 1900 Primum
964 1841 1147 1916 igitur
1204 1839 1643 1900 observandum
1701 1843 1818 1918 est,
1882 1839 2056 1899 nimis
2100 1837 2473 1913 dactylorum
2518 1832 2710 1893 tribus

468 1938 590 2014 (vv.
636 1945 733 2020 19,
781 1945 892 2020 2Ο;
939 1938 1065 2021 26),
1123 1943 1293 2003 nimis
1351 1943 1752 2020 spondeorum
1807 1946 2094 2020 quattuor
2151 1939 2424 1999 versibus
2468 1935 2592 2008 (vv.
2637 1939 2707 2006 2;

472 2049 542 2120 1,
588 2048 698 2122 10,
745 2042 849 2118 17)
895 2045 1090 2106 inesse
1136 2046 1296 2113 (nam
1340 2065 1437 2106 vv.
1486 2050 1598 2121 11,
1647 2049 1756 2121 12,
1805 2049 1917 2124 13,
1962 2047 2073 2116 22,
2128 2042 2269 2119 quia
2320 2039 2525 2100 ultimo
2571 2039 2706 2099 loco

467 2147 813 2206 trochaeum
860 2146 1098 2225 habent,
1141 2148 1233 2207 his
1276 2166 1396 2208 non
1443 2146 1929 2208 adnumerandos
1974 2163 2104 2207 esse
2147 2139 2338 2222 puto).

636 2251 888 2310 Duobus
943 2253 1137 2309 autem
1198 2249 1348 2312 locis
1402 2268 1612 2310 versus
1672 2250 2094 2327 inveniuntur,
2148 2247 2250 2325 qui
2304 2243 2543 2306 eosdem
2600 2260 2707 2301 nu·

467 2369 663 2411 meros
693 2352 1064 2429 eandemque
1094 2353 1637 2431 interpunctionem
1669 2352 2021 2413 continuant
2065 2350 2368 2425 (14-153
2401 2341 2706 2421 24-25);

466 2471 542 2512 ex
589 2454 802 2529 quibus
848 2473 942 2513 vv.
991 2458 1239 2516 24—-25
1288 2453 1518 2532 figurae
1565 2456 1960 2533 apostrophes
2008 2472 2125 2514 non
2172 2452 2357 2529 inepti
2403 2454 2557 2510 sunt.

634 2557 908 2616 Breviter
971 2560 1199 2618 tantum
1266 2557 1677 2633 attingendum
1736 2561 1852 2634 est,
1918 2557 1977 2616 in
2042 2560 2306 2616 extremo
2367 2570 2549 2613 versu
2616 2556 2707 2611 ter

465 2658 705 2734 breves,
750 2678 905 2736 quae
954 2678 1072 2720 non
1120 2660 1178 2718 in
1229 2677 1555 2720 consonam
1605 2663 1855 2737 exeunt,
1899 2658 2166 2736 syllabas
2210 2656 2530 2717 collocatas
2576 2670 2707 2713 esse

465 2758 585 2831 (vv.
634 2764 728 2832 13,
774 2764 873 2833 20,
920 2758 1043 2832 24).

637 2862 894 2923 Gaesura
937 2883 1082 2925 vero
1113 2866 1532 2942 semiquinaria
1567 2866 1788 2942 septies
1819 2863 2020 2925 decies
2049 2863 2191 2935 fere,
2223 2856 2708 2937 semiseptenaria

462 2965 669 3024 novies
713 2983 859 3026 usus
905 2970 1008 3037 est,
1050 2966 1141 3027 bis
1185 2972 1322 3043 post
1354 2971 1631 3045 quartum
1666 2966 1971 3044 dactylum
2013 2965 2382 3042 interpunxit
2411 2961 2535 3037 (24,
2582 2958 2706 3032 25),

463 3085 821 3143 quamquam
868 3069 1006 3128 illae
1052 3087 1171 3129 non
1219 3070 1362 3129 satis
1409 3074 1705 3147 constant,
1755 3087 1888 3129 cum
1933 3069 2046 3128 viri
2093 3067 2253 3128 docti
2297 3065 2496 3126 multis
2541 3062 2709 3139 locis,

466 3185 621 3242 quae
667 3167 743 3227 sit
787 3168 1108 3228 statuenda
1155 3189 1430 3247 caesura,
1473 3171 1861 3250 dissentiant,
1905 3169 2424 3248 semiseptenariae
2468 3169 2572 3226 aut
2615 3183 2705 3225 se-

464 3269 834 3346 miquinaria,
881 3273 985 3330 aut
1029 3270 1440 3332 semiternaria
1487 3292 1620 3333 cum
1668 3272 1786 3334 fine
1832 3273 2002 3334 verbi
2047 3278 2187 3351 post
2216 3272 2307 3332 111
2358 3270 2702 3331 trochaeum

460 3371 757 3433 accedunt
802 3372 1186 3453 auxiliaria03
1232 3392 1429 3452 neque
1478 3376 1618 3452 plus
1660 3378 1845 3437 semel
1887 3378 2035 3438 haec
2064 3377 2155 3436 111
2197 3375 2464 3436 trochaei
2495 3389 2705 3433 norma

460 3475 713 3551 migrata
758 3479 848 3535 est
891 3475 972 3548 (v,
1017 3473 1101 3549 6).

630 3574 972 3653 Spondiaca
1014 3597 1195 3656 porro
1241 3581 1427 3641 verba
1472 3581 1531 3641 in
1578 3584 1770 3658 primo
1814 3582 1970 3659 pede
2000 3583 2223 3660 septies
2259 3580 2384 3641 fere
2416 3579 2499 3656 (1,
2545 3584 2603 3658 3,
2648 3580 2702 3650 5,

463 3682 575 3754 10,
625 3682 736 3754 16,
785 3679 943 3755 195⁹,
989 3680 1155 3758 229,
1200 3687 1306 3755 23,
1350 3686 1478 3761 27),
1522 3683 1584 3744 in
1627 3688 1838 3762 quarto
1885 3683 2203 3762 quinquies
2246 3684 2450 3762 posuit
2492 3681 2614 3755 (vv.
2647 3686 2701 3753 7,

471 3784 565 3857 12,
618 3784 714 3858 18,
763 3784 860 3860 19,
907 3780 1043 3860 23),
1091 3790 1340 3861 excepta
1382 3789 1582 3847 tamen
1627 3804 1777 3847 voce
1822 3780 2021 3858 „auri“
2050 3788 2228 3846 toties
2269 3791 2399 3845 arte
2442 3783 2704 3861 quadam

462 3884 720 3959 repetita
751 3885 810 3943 in
856 3885 1049 3961 primo
1093 3884 1249 3962 pede
1294 3884 1469 3966 duae,
1511 3895 1638 3949 tres
1658 3887 1718 3947 in
1749 3893 1968 3966 quarto
1997 3890 2350 3965 supersunt:
2381 3906 2456 3946 ex
2486 3888 2704 3964 quibus

458 4002 513 4042 v.
560 3987 596 4043 5
655 3985 986 4061 spondiaea
1043 4005 1162 4048 vox
1218 3989 1400 4064 paulo
1456 3990 1665 4051 durior
1718 3996 1809 4051 est
1868 3994 2117 4067 propter
2178 4006 2489 4049 caesuram
2534 3992 2699 4050 semi·

459 4088 890 4160 septenariam,
943 4088 1049 4149 sed
1111 4089 1419 4166 mitigatur
1472 4091 1946 4171 quodammodo,
1991 4090 2154 4169 quod
2200 4091 2374 4151 etiam
2424 4092 2698 4168 semiqui-

456 4187 627 4246 naria
669 4187 854 4248 adest.

626 4288 900 4370 Omnino,
945 4297 1014 4353 ut
1057 4294 1318 4356 omittam
1352 4314 1409 4354 v.
1443 4299 1501 4372 6,
1544 4294 1650 4372 qui
1694 4296 1901 4359 durior
1945 4302 2039 4359 est
2082 4294 2381 4356 vocabulo
2411 4272 2698 4354 choriam-
