3142 4809
499 277 581 339 18

753 452 970 511 Rerum
1017 450 1141 510 fata
1185 451 1315 527 rapi
1361 451 1639 526 vltaeque
1683 449 1978 509 involvier
2020 469 2170 511 aevo

753 552 954 629 Atque
999 553 1215 612 iterum
1261 551 1517 612 reduces
1561 567 1783 628 supera
1826 551 1888 610 in
1935 569 2206 612 convexa
2248 553 2483 630 referri,

500 701 2737 711 ———————————-——--——-——-——

638 797 691 834 11
736 785 870 835 facta
915 786 980 834 R.
1030 814 1095 822 -—-
1145 797 1204 834 12
1241 761 1426 835 referre
1463 786 1531 834 R.

723 926 759 933 ·

663 1007 802 1056 idem
830 1007 867 1056 1.
901 1022 946 1057 c.
973 1008 1016 1065 I,
1046 1018 1118 1066 xl,
1163 1017 1189 1070 5
1230 1007 1311 1067 (cs.
1345 1018 1455 1066 xxl,
1482 1008 1559 1069 3):
1606 1006 1721 1055 Alii
1765 1006 1899 1055 enim
1942 1007 2189 1055 mundum
2232 1007 2286 1056 in
2323 1008 2427 1057 duo
2465 1007 2747 1058 diviserunt

564 1093 646 1154 (cf.
667 1092 801 1141 Tim.
821 1108 873 1158 p.
896 1103 959 1155 33
980 1091 1040 1155 C)
1077 1127 1231 1141 .....
1266 1092 1337 1140 Et
1365 1090 1738 1140 immutabilem
1775 1091 1984 1157 quidem
2018 1093 2199 1141 mundi
2227 1101 2424 1158 partem
2454 1108 2484 1141 a
2512 1093 2743 1160 sphaera,

562 1192 696 1242 quae
725 1166 980 1244 ἄπλανής
1006 1177 1210 1236 dicitur,
1242 1191 1407 1241 usque
1437 1177 1503 1225 ad
1533 1177 1680 1240 globi
1708 1176 1899 1226 lunaris
1930 1177 2213 1237 exordium,
2246 1177 2545 1228 mutabilem
2574 1194 2693 1228 vero
2713 1195 2743 1228 a

563 1264 685 1312 luna
708 1262 775 1311 ad
798 1269 955 1311 terras
980 1277 1144 1327 usque
1178 1262 1438 1311 dixerunt:
1476 1268 1528 1311 et
1561 1262 1733 1311 vivere
1770 1262 1979 1322 animaS,
2016 1264 2138 1312 dum
2171 1263 2227 1311 in
2258 1263 2567 1313 immutabili
2600 1270 2743 1329 parte

564 1348 867 1406 consistunt,
902 1348 1033 1396 mori
1056 1354 1242 1406 autem,
1279 1361 1393 1395 cum
1430 1347 1497 1395 ad
1530 1355 1727 1413 partem
1763 1347 2044 1397 ceciderint
2065 1348 2454 1413 permutationis
2489 1364 2743 1412 capacem,

563 1440 717 1497 atque
763 1432 885 1481 ideo
925 1432 1060 1480 inter
1111 1431 1286 1480 lunam
1345 1438 1608 1495 terrasque
1660 1432 1834 1480 locum
1880 1431 2058 1480 mortis
2112 1439 2163 1480 et
2213 1432 2491 1481 inferorum
2542 1433 2741 1481 vocari:

562 1518 829 1583 ipsamque
862 1517 1037 1565 lunam
1072 1516 1208 1565 vitae
1243 1531 1356 1565 esse
1391 1517 1673 1582 mortisque
1710 1516 2002 1576 confinium,
2040 1524 2092 1565 et
2119 1515 2313 1566 animas
2334 1517 2458 1566 inde
2481 1516 2536 1567 in
2558 1524 2744 1567 terram

563 1601 779 1651 fluentes
801 1601 947 1660 mori,
983 1601 1105 1650 inde
1141 1601 1206 1649 ad
1241 1616 1425 1667 supera
1457 1609 1686 1651 meantes
1720 1602 1776 1649 in
1809 1602 1965 1650 vitam
1987 1602 2173 1651 reverti
2195 1602 2567 1651 necimmerito
2592 1602 2741 1651 aesti-

563 1695 757 1737 matum
794 1695 888 1735 est.

665 1774 805 1822 idem
836 1772 873 1822 1.
912 1788 956 1820 c.
994 1772 1063 1829 H,
1100 1782 1152 1830 x,
1190 1783 1249 1833 9:
1293 1771 1397 1820 Sed
1444 1771 1692 1821 mundum
1742 1772 1951 1837 quidem
1986 1772 2143 1822 fuisse
2178 1787 2379 1839 semper
2413 1771 2742 1839 philosophia

566 1866 746 1908 auctor
789 1866 867 1908 est
880 1893 893 1916 ‚
937 1884 1006 1894 —-
1051 1872 1132 1905 res
1178 1871 1301 1905 vero
1347 1856 1601 1906 humanae
1638 1872 1702 1905 ex
1737 1864 1881 1923 parte
1915 1857 2134 1906 maxima
2169 1872 2321 1923 saepe
2358 1857 2603 1907 occidunt
2637 1873 2739 1906 ma-

564 1951 719 1995 nente
771 1943 964 1992 mundo
1019 1949 1070 1991 et
1120 1956 1296 1991 rursus
1349 1942 1583 1991 oriuntur
1636 1942 1719 1991 vel
1770 1942 2010 1991 eluvione
2064 1942 2288 1992 vicissim
2339 1943 2424 1992 vel
2477 1943 2741 1992 exustione

564 2030 829 2079 redeunte.
876 2055 944 2064 --
992 2027 1121 2076 Cum
1171 2042 1297 2090 ergo
1342 2026 1481 2076 calor
1535 2027 1791 2077 nutriatur
1824 2027 2039 2076 humore
2053 2064 2066 2087 ,
2118 2026 2247 2077 haec
2281 2027 2585 2077 vicissitudo
2620 2044 2739 2078 con-

566 2116 746 2179 tingit,
793 2120 852 2163 ut
898 2114 1055 2162 modo
1100 2111 1243 2162 calor
1292 2113 1450 2161 modo
1494 2111 1681 2161 humor
1726 2112 1986 2162 exuberet.
2057 2114 2248 2162 Evenit
2292 2114 2455 2173 enim,
2509 2121 2567 2163 ut
2608 2113 2742 2176 ignis

564 2215 729 2266 usque
777 2200 844 2249 ad
889 2198 1163 2248 maximum
1212 2197 1464 2247 enutritus
1511 2204 1839 2261 augmentum
1884 2197 2125 2248 haustum
2172 2199 2344 2248 vincat
2384 2198 2648 2247 humorem
2682 2213 2740 2246 ac

566 2287 640 2335 sic
683 2285 816 2334 aeris
861 2290 1057 2334 mutata
1103 2283 1376 2348 temperies
1422 2282 1685 2332 licentiam
1730 2290 1958 2349 praestet
2000 2283 2245 2333 incendio
2290 2289 2339 2337 et
2371 2291 2505 2333 terra
2538 2283 2741 2347 penitus

562 2370 829 2435 flagrantia
872 2369 1087 2418 immissi
1132 2368 1268 2432 ignis
1312 2374 1511 2427 uratur,
1564 2369 1657 2417 sed
1701 2384 1820 2418 mox
1855 2368 2050 2435 impetu
2087 2368 2273 2419 caloris
2309 2369 2580 2434 absumpto
2615 2382 2738 2433 pau·

561 2456 707 2506 latim
753 2455 887 2504 vires
922 2461 1243 2503 revertuntur
1277 2453 1481 2503 humori
1495 2490 1508 2513 ,
1556 2468 1674 2502 cum
1707 2468 1892 2517 magna
1925 2469 2043 2519 pars
2077 2453 2213 2518 ignis
2246 2454 2499 2504 incendiis
2533 2459 2739 2515 erogata

562 2541 730 2590 minus
763 2540 867 2588 iam
904 2539 969 2587 de
1004 2545 1302 2587 renascente
1335 2538 1551 2588 humore
1591 2546 1876 2589 consumat.
1932 2539 2020 2588 Ac
2054 2554 2228 2588 rursus
2261 2539 2420 2601 longo
2456 2544 2738 2601 temporum

561 2633 729 2675 tractu
761 2625 835 2673 ita
870 2638 1104 2672 crescens
1137 2623 1324 2672 humor
1357 2623 1509 2673 altius
1544 2624 1705 2674 vincit
1718 2660 1731 2683 ,
1778 2631 1837 2674 ut
1879 2623 2027 2673 terris
2061 2624 2358 2673 infundatur
2392 2622 2562 2671 eluvio
2574 2658 2587 2682 ,
2630 2635 2736 2669 rur-

564 2725 755 2774 susque
789 2708 931 2757 calor
966 2714 1086 2773 post
1119 2707 1220 2757 hoc
1255 2708 1388 2757 vires
1423 2710 1661 2769 resumit,
1707 2717 1759 2759 et
1792 2710 1866 2759 ita
1899 2708 1984 2768 fit,
2021 2717 2079 2758 ut
2112 2716 2348 2759 manente
2383 2708 2576 2757 mundo
2611 2707 2743 2756 inter

563 2794 890 2844 exuberantis
949 2792 1132 2842 caloris
1189 2791 1521 2858 humorisque
1581 2794 1719 2843 vices
1777 2801 2021 2844 terrarum
2080 2795 2249 2844 cultus
2308 2810 2424 2843 cum
2478 2793 2743 2842 hominum

565 2895 750 2944 genere
796 2893 949 2943 saepe
996 2878 1272 2927 intercidat
1317 2886 1369 2928 et
1411 2878 1625 2928 reducta
1659 2879 1902 2946 temperie
1938 2895 2111 2929 rursus
2146 2886 2378 2929 novetur.
2448 2880 2741 2941 Numquam

564 2973 738 3014 tamen
761 2980 852 3014 seu
887 2963 1063 3013 eluvio
1098 2979 1189 3013 seu
1226 2964 1428 3013 exustio
1464 2980 1641 3014 omnes
1678 2972 1835 3014 terras
1871 2973 1960 3015 aut
1993 2980 2142 3014 omne
2177 2964 2440 3012 hominum
2475 2978 2637 3025 genus
2658 2959 2740 3008 vel

562 3050 774 3099 omnino
810 3049 979 3115 operit
1012 3049 1095 3099 vel
1132 3050 1338 3114 penitus
1373 3049 1555 3100 exurit.
1592 3077 1660 3086 --
1696 3050 1876 3100 Certae
1912 3051 2069 3114 igitur
2104 3057 2348 3098 terrarum
2383 3054 2554 3113 partes
2586 3047 2741 3096 inter·

563 3136 771 3186 necioni
807 3135 1110 3201 superstites
1146 3135 1471 3185 seminarium
1506 3136 1842 3186 instaurando
1879 3136 2054 3200 generi
2087 3136 2313 3184 humano
2337 3133 2466 3184 fiunt
2500 3133 2583 3197 (cf.
2606 3132 2741 3181 Tim.

563 3239 616 3288 p.
656 3232 719 3270 22
758 3220 800 3269 C
835 3223 955 3286 sq.).

671 3306 818 3370 Quos
851 3306 997 3357 locos
1023 3306 1068 3357 si
1091 3322 1208 3356 cum
1235 3322 1316 3358 VV.
1348 3318 1547 3370 10—-14
1571 3320 1939 3371 comparamuS,
1976 3310 2202 3369 apparet,
2238 3303 2410 3358 credo,
2447 3312 2579 3361 quae
2602 3297 2742 3361 apud

565 3392 896 3443 Macrobium
931 3393 996 3441 de
1033 3392 1214 3441 animis
1249 3392 1305 3440 in
1339 3399 1524 3441 terram
1559 3391 1835 3439 fluentibus
1871 3394 1922 3436 et
1955 3386 2078 3433 inde
2102 3383 2168 3431 ad
2192 3397 2376 3447 supera
2397 3381 2741 3431 remeantibus

565 3480 907 3545 disputantur,
943 3476 1029 3524 hic
1066 3477 1132 3524 ad
1168 3476 1535 3524 elementorum
1569 3474 1760 3520 fluxum
1794 3469 1950 3535 paulo
1975 3466 2243 3516 obscurius
2269 3466 2548 3517 transferri.
2604 3467 2742 3517 Nam

564 3580 693 3614 voce
730 3566 924 3624 „aevo⁸‘
961 3575 1079 3624 pars
1113 3558 1204 3607 illa
1239 3557 1632 3623 permutationis
1665 3569 1854 3621 capax,
1892 3568 2047 3618 quam
2080 3567 2177 3601 nos
2214 3552 2431 3602 dicimus
2466 3552 2742 3613 „Zeitlich-

563 3650 707 3699 keit“
724 3685 737 3709 ,
783 3661 911 3695 voce
955 3650 1124 3692 autem
1170 3656 1389 3708 „supera
1423 3646 1686 3690 convexa“
1734 3638 2013 3704 significari
2048 3638 2252 3688 videtur
2284 3638 2621 3687 immutabilis
2654 3638 2744 3687 illa

563 3734 741 3784 mundi
777 3747 912 3798 pars,
950 3744 1103 3795 quam
1137 3743 1234 3778 nos
1270 3727 1488 3776 dicimus
1525 3726 1873 3790 „Ewigkeit“.
2539 3735 2546 3742 ·

667 3821 832 3869 Porro
869 3833 950 3867 vv.
994 3827 1055 3878 13
1080 3822 1133 3864 et
1168 3826 1232 3878 14
1279 3820 1452 3880 aperte
1490 3812 1680 3862 dicitur
1713 3812 1937 3862 mundus
1973 3811 2339 3861 elementorum
2371 3809 2512 3859 fluxu
2548 3825 2744 3875 semper

565 3905 620 3953 in
653 3904 769 3969 ipsa
804 3903 1055 3953 elementa
1089 3907 1378 3951 recurrente
1414 3898 1811 3962 redintegratus

669 3991 732 4036 ab
776 3994 988 4037 aeterno
1035 3986 1102 4036 ad
1147 3986 1394 4036 Graecam
1441 4000 1622 4034 vocem
1669 3976 1772 4046 ,ἐξ
1815 3974 1999 4035 α’ϊδίου
2056 3982 2142 4045 (cf.
2178 3980 2388 4046 Didym.
2432 3995 2515 4046 ap.
2550 3980 2743 4030 Euseb.

568 4089 742 4139 praep.
768 4087 847 4123 ev.
871 4074 997 4132 XV,
1026 4076 1108 4137 15)
1144 4071 1374 4122 effictum
1409 4086 1523 4120 esse
1555 4070 1776 4120 videtur.
1812 4095 1879 4106 —
1913 4069 2001 4117 Bs.
2040 4067 2204 4117 coni.:
2241 4066 2400 4115 Altus
2436 4073 2488 4115 et
2521 4073 2744 4115 aeterno.

506 4172 584 4208 11.
618 4166 794 4222 „que“
828 4157 1079 4221 particula
1110 4157 1196 4205 hic
1233 4164 1284 4206 et
1318 4171 1468 4205 versu
1497 4168 1558 4218 14
1584 4154 1874 4219 explicandi
1899 4153 2002 4201 vim
2024 4152 2185 4201 habet
2210 4154 2352 4215 (nos:
2380 4151 2522 4211 „und
2544 4150 2745 4213 zwar“).

671 4244 834 4291 vitas:
872 4256 944 4290 sc.
985 4256 1170 4290 rerum.
