3142 4809
2649 342 2715 400 11

652 513 774 571 Iam
823 531 900 572 ex
946 513 1356 589 similitudine,
1412 532 1566 590 quae
1619 514 1777 574 inter
1822 529 2032 573 versus
2077 512 2424 574 Columbani
2472 514 2721 572 33-36

479 614 795 673 intercedit
847 618 906 674 et
965 633 1202 675 versum
1253 619 1374 677 198
1435 615 1914 692 declamationis,
1960 614 2320 675 concludere
2362 613 2557 690 possis
2616 612 2723 674 Co·

483 714 827 775 lumbanum
872 718 1162 777 nonnulla
1206 737 1244 777 a
1290 717 1698 780 declamatore
1744 721 2073 778 mutuatum
2129 733 2280 777 esse.
2369 716 2448 775 At
2490 715 2722 774 ratione

483 820 803 877 metrorum
878 818 1082 878 habita
1139 821 1289 880 haec
1348 821 1647 881 invenies:
1737 820 2112 896 Quamquam
2172 819 2231 880 in
2288 817 2723 878 declamatIone

482 919 625 977 satis
668 921 888 981 multae
932 920 1281 984 Columbani
1327 926 1514 983 metro
1559 923 1902 1000 aptissimae
1955 939 2239 982 versuum
2285 923 2508 996 partes,
2550 937 2722 996 prae·

481 1021 652 1098 cipue
699 1023 898 1082 exitus
943 1024 1165 1099 insunt,
1208 1024 1311 1083 vix
1349 1028 1546 1084 tamen
1595 1024 1711 1084 tale
1743 1024 2067 1102 quidquam
2094 1022 2257 1101 apud
2288 1021 2720 1083 columbanum

478 1123 810 1194 invenitur,
873 1123 1035 1201 quod
1084 1144 1202 1185 non
1251 1124 1666 1186 declamationi
1713 1145 1846 1186 cum
1892 1126 2211 1186 Tiberiano
2258 1141 2568 1185 commune
2611 1124 2720 1184 sit:

482 1224 951 1285 Accuratissima
1009 1227 1165 1286 enim
1226 1228 1455 1288 ratione
1513 1230 1664 1289 inita
1723 1230 1983 1288 omnium
2043 1227 2492 1287 declamationis
2546 1223 2720 1299 (285)

484 1343 764 1386 versuum
811 1327 961 1388 duas
1005 1331 1234 1389 tantum
1281 1349 1558 1391 versuum
1606 1336 1809 1408 partes
1854 1330 2292 1408 quodammodo
2323 1347 2456 1389 cum
2488 1326 2722 1388 duobus

483 1427 830 1489 columbani
876 1431 1127 1492 Adoniis
1186 1434 1615 1494 convenientes
1676 1434 2022 1511 reperimus.
2083 1430 2455 1505 (Columban.
2512 1433 2593 1492 38
2646 1428 2720 1489 cf.

479 1530 746 1591 Declam.
793 1536 917 1594 220
962 1540 1022 1593 et
1070 1537 1222 1605 1433
1271 1535 1393 1596 Col.
1439 1540 1519 1598 52
1567 1536 1642 1596 cf.
1687 1537 1852 1596 Decl.
1901 1532 2068 1606 200.)

651 1629 771 1692 Sed
829 1654 905 1696 ne
951 1637 1058 1695 has
1103 1636 1344 1713 quidem
1391 1639 1723 1715 particulas
1768 1638 2171 1699 Columbanus
2216 1635 2292 1696 ad
2338 1633 2577 1696 easdem
2621 1652 2719 1694 res

478 1735 811 1796 narrandas
855 1737 1144 1816 adhibuit,
1188 1743 1255 1800 ut
1297 1759 1487 1818 prope
1532 1759 1769 1818 semper
1812 1740 1985 1817 fecit,
2030 1740 2130 1801 ubi
2175 1739 2481 1799 Tiberiani
2519 1735 2719 1796 verbis

477 1854 620 1896 usus
677 1843 783 1898 est.
885 1840 1045 1913 Quid
1100 1860 1246 1902 vero
1307 1862 1523 1903 causae
1579 1843 1946 1904 Columbano
2005 1842 2190 1902 fuisse
2235 1845 2550 1918 putamus,
2610 1855 2720 1898 cur

478 1940 790 2002 sententiis
850 1960 924 2001 ex
971 1941 1402 2004 declamatione
1449 1945 1821 2024 depromptis
1865 1945 2064 2005 verbis
2108 1942 2555 2003 declamationis
2597 1945 2716 2000 tam

476 2058 653 2116 parce
697 2042 1088 2122 modesteque
1133 2052 1424 2126 uteretur,
1467 2066 1600 2108 cum
1646 2049 1788 2109 satis
1830 2047 2121 2108 audacter
2150 2046 2450 2107 Tiberiani
2498 2048 2559 2104 et
2585 2061 2716 2103 sen·

475 2145 695 2204 tentias
741 2149 801 2205 et
843 2147 1124 2209 flosculos
1169 2168 1282 2226 pro
1327 2152 1451 2211 suis
1498 2152 1836 2212 venderet?

642 2248 837 2325 Igitur
884 2250 1285 2313 columbanus
1330 2255 1569 2315 omnino
1619 2255 2080 2316 declamatorem
2128 2271 2247 2314 non
2293 2255 2536 2311 secutus
2580 2252 2687 2308 est.

645 2351 825 2412 Nunc
883 2352 1022 2416 inde
1079 2355 1223 2432 quid
1269 2356 1567 2417 efficiatur
1611 2357 1956 2418 videamus:
2014 2355 2443 2424 columbanus,
2485 2348 2715 2412 tametsi

475 2452 662 2511 multa
714 2455 773 2514 in
831 2458 1084 2532 epistola
1144 2459 1218 2517 ad
1265 2459 1577 2520 Fedolium
1639 2478 1771 2519 cum
1819 2460 2139 2520 Tiberiano
2202 2461 2262 2518 et
2320 2455 2714 2516 declamatore

475 2557 872 2636 conveniunt,
931 2563 1124 2620 tamen
1189 2561 1574 2622 Tiberiaunm
1634 2566 1862 2623 tantum
1907 2555 2185 2640 {imitatus
2245 2563 2358 2630 est,
2421 2557 2713 2617 declama-

472 2656 696 2718 tionem
740 2660 1059 2737 ignoravit.
1146 2664 1337 2723 Multa
1376 2668 1576 2724 autem
1623 2665 1803 2725 habet
1840 2664 2265 2740 Oolumbanus,
2307 2679 2462 2738 quae
2506 2660 2566 2719 in
2614 2658 2712 2718 de·

475 2758 826 2822 clamatione
896 2767 1132 2824 exstant
1189 2770 1429 2826 tacente
1492 2766 1843 2827 Tiberiano:
1913 2770 2166 2845 uterque
2227 2765 2408 2841 igitur
2467 2763 2616 2822 haec
2675 2780 2712 2820 a

472 2861 648 2922 tertio
704 2864 814 2926 sibi
875 2868 1143 2942 sumpsit.
1251 2868 1437 2945 Atqui
1500 2868 1863 2932 declamator
1914 2870 2254 2945 complures
2309 2866 2501 2940 locos,
2558 2882 2712 2940 quos

472 2964 634 3042 apud
680 2966 1109 3028 Columbanum
1171 2990 1289 3030 non
1349 2971 1636 3047 legimus,
1695 2972 1997 3032 Tiberiani
2061 2969 2383 3030 simillimos
2441 2966 2711 3030 exhibet:

473 3068 563 3125 Ex
620 3088 738 3145 quo
799 3073 1088 3149 consequi
1133 3072 1403 3146 videtur,
1469 3074 1932 3136 declamatorem
1986 3092 2227 3151 quoque
2286 3090 2362 3130 ex
2405 3069 2710 3129 Tiberiani

475 3169 735 3229 carmine
781 3173 1053 3232 hausisse
1076 3172 1166 3247 ¹¹).

640 3272 775 3350 ‚,At‚
822 3271 1040 3335 dixerit
1082 3276 1393 3353 quispiam,
1437 3279 1541 3354 qui
1585 3278 1711 3340 fieri
1754 3282 1971 3357 potest,
2014 3282 2085 3338 ut
2124 3279 2342 3339 multae
2381 3278 2578 3335 tamen
2611 3290 2708 3332 res

642 3540 699 3602 ¹¹)
737 3541 964 3591 Accedit
997 3542 1088 3593 illa
1125 3560 1332 3610 quoque
1362 3562 1529 3606 causa,
1568 3548 1708 3612 quod
1747 3546 2133 3596 declamationis
2157 3560 2237 3593 vv,
2265 3555 2364 3606 207
2391 3558 2504 3607 sqq.
2540 3541 2706 3590 imita-

466 3624 659 3672 tionem
693 3641 980 3690 perversam
1016 3644 1096 3677 vv.
1137 3641 1198 3678 22
1238 3647 1352 3696 sqq.
1391 3632 1658 3681 Tiberiani
1695 3633 1842 3698 quasi
1877 3631 1978 3697 ipsi
2010 3631 2257 3681 indicant.

637 3710 873 3760 Ceterum
923 3713 1233 3763 declamator
1249 3752 1261 3774 ‚
1317 3733 1626 3783 quamquam
1670 3719 1812 3767 nulla
1859 3719 1962 3767 fere
2008 3732 2062 3764 re
2097 3713 2498 3781 impediebatur,
2551 3728 2615 3760 ne
2650 3712 2704 3760 in

466 3796 730 3845 sententiis
783 3812 842 3846 ac
890 3798 1058 3848 verbis
1106 3800 1370 3851 Tiberiani
1422 3804 1641 3867 vestigia
1687 3812 1940 3869 premeret
1984 3829 2051 3838 -—
2095 3809 2312 3863 uterque
2361 3797 2495 3845 enim
2541 3803 2702 3844 metro

462 3880 673 3930 heroico
709 3882 884 3943 utitur,
921 3900 1089 3949 neque
1127 3885 1489 3938 declamationi
1524 3897 1646 3954 apta
1680 3905 1785 3938 non
1821 3895 1931 3937 erat
1966 3892 2145 3935 natura
2183 3881 2418 3931 carminis
2441 3880 2704 3928 Tiberiani

466 3992 529 4001 --
565 3973 732 4016 tamen
768 3969 924 4018 verba
959 3970 1063 4019 fere
1087 3971 1228 4021 nulla
1253 3973 1588 4039 deprompsit,
1626 3973 1742 4034 (nisi
1779 3973 1918 4038 quod
1955 3984 2120 4034 pauca
2154 3967 2406 4033 quaedam
2439 3964 2586 4012 initia
2620 3963 2702 4011 vel

466 4049 630 4101 exitus
656 4068 892 4103 versuum
917 4056 1224 4122 descripsit),
1262 4058 1529 4108 sententiis
1565 4064 1736 4105 autem
1769 4058 1931 4106 libere
1967 4060 2165 4104 tantum
2201 4068 2323 4102 usus
2359 4049 2442 4097 vel
2474 4048 2701 4096 imitatus

464 4143 541 4185 est
563 4136 896 4189 Tiberianum
929 4140 1012 4190 vel
1046 4142 1277 4192 mutavit.
1330 4142 1505 4190 Etiam
1540 4141 1848 4205 anaphorae,
1885 4138 2181 4208 epiphorae,
2218 4133 2483 4187 antithesis
2514 4130 2701 4190 figuras

461 4236 615 4286 saepe
662 4238 693 4270 a
738 4224 1016 4274 Tiberiano
1066 4234 1332 4291 usurpatas
1378 4225 1653 4274 imitandas
1702 4228 1801 4278 sibi
1843 4222 2131 4293 proposuit.
2178 4223 2262 4283 (cf.
2299 4234 2381 4268 vv.
2423 4212 2535 4273 196,
2577 4222 2701 4271 1973

463 4315 758 4369 203—205;
807 4309 1103 4366 208-2113
1152 4320 1267 4369 200,
1305 4320 1432 4366 201;
1481 4308 1618 4369 206.)
