3142 4809
432 484 646 527 versus
691 466 751 525 hi
795 484 944 543 prae
988 482 1057 524 se
1097 464 1315 542 ferant,
1356 468 1523 525 certe
1567 466 1628 524 in
1673 465 1773 523 illo
1820 466 2082 526 carmine
2128 466 2273 526 nihil
2327 471 2521 528 exstat
2565 470 2675 529 nisi

432 569 507 629 de
552 568 667 629 deo
712 572 774 629 et
814 567 1055 628 mundo.
2080 563 2086 568 ’

602 669 809 731 Nihilo
860 670 1048 746 magis
1102 687 1318 730 causae
1373 671 1732 747 suppetunt,
1789 688 1901 729 eur
1957 689 2196 730 carmen
2241 672 2328 731 111
2371 672 2678 733 Tiberiani

430 792 564 835 esse
624 789 943 850 negemus:
1000 773 1156 831 Nam
1217 771 1379 849 quod
1426 789 1480 831 v.
1514 776 1548 832 7
1598 770 1794 842 „sub“
1840 769 1963 844 (vel
2007 770 2196 845 „de“)
2249 792 2357 850 pro
2412 775 2674 836 ablativo

429 876 898 952 instrumentali,
954 894 1012 934 v.
1041 878 1078 936 9
1124 867 1305 953 „vel“
1349 891 1463 951 pro
1506 866 1677 951 „et“,
1738 892 1792 933 v,
1825 878 1903 935 15
1947 867 2171 953 ,‚plus“
2230 894 2340 950 pro
2385 870 2675 955 „magis“,

430 997 529 1040 vv.
562 981 639 1039 19
686 982 747 1039 et
791 981 877 1039 20
915 976 1063 1050 „et“
1105 978 1166 1036 in
1213 977 1423 1038 ultima
1465 980 1641 1054 parte
1687 977 2151 1036 enumerationis
2194 983 2322 1055 pro·
2348 972 2552 1056 „que“
2595 980 2674 1040 le·
2717 984 2727 992 ’

430 1082 621 1159 gitur,
678 1098 901 1140 morem
945 1079 1245 1140 inferioris
1289 1079 1504 1138 aetatis
1552 1077 1852 1156 indicant;
1910 1078 2029 1139 huc
2071 1078 2246 1139 etiam
2291 1080 2670 1141 referendum

430 1187 523 1242 est
564 1182 923 1242 vocabulum
967 1180 1412 1254 „labibundus“
1457 1179 1538 1253 (v.
1589 1177 1721 1257 14),
1776 1180 1937 1257 quod
1998 1179 2076 1240 ad
2132 1200 2304 1241 suum
2366 1182 2671 1243 arbitrium

428 1288 608 1362 poeta
650 1283 892 1345 finxisse
935 1283 1193 1344 videtur.

602 1388 723 1446 Iam
784 1388 845 1447 in
906 1404 974 1445 re
1033 1386 1278 1445 metrica
1332 1384 1540 1445 iisdem
1600 1384 1726 1444 fere
1783 1384 2116 1445 rationibus
2183 1386 2403 1461 quibus
2462 1390 2673 1447 auctor

429 1490 778 1566 „Pei-vigilii
820 1486 1112 1549 Veneris“
1157 1490 1362 1548 utitur.
1471 1486 1646 1546 Locis
1706 1488 1863 1548 enim
1919 1487 2166 1564 paribus
2225 1491 2287 1547 et
2344 1490 2671 1567 imparibus

427 1592 677 1670 spondei
749 1591 1178 1669 admittuntur3
1250 1590 1586 1651 simillimus
1646 1590 1822 1649 etiam
1882 1607 2025 1649 usus
2090 1595 2181 1650 est
2245 1592 2670 1651 solvendarum

427 1696 672 1772 arsium,
732 1712 986 1771 quarum
1040 1691 1161 1753 duo
1207 1696 1447 1753 exstant
1504 1692 1779 1770 exempla
1835 1692 1895 1751 iu
1940 1692 2249 1752 vocabulis
2303 1694 2437 1770 plus
2490 1713 2668 1771 quam

427 1796 766 1874 disyllabis,
796 1814 951 1872 quae
982 1794 1227 1872 dactylo
1260 1814 1377 1855 non
1417 1792 1779 1854 clauduntur
1810 1793 1888 1866 (v,
1924 1798 1959 1854 7
1993 1792 2067 1853 cf.
2098 1795 2273 1855 Perv.
2303 1797 2451 1855 Ven.
2481 1815 2539 1855 v.
2562 1800 2666 1873 553

426 1918 483 1959 v.
517 1902 595 1960 18
639 1898 714 1958 cf.
744 1900 918 1958 Perv.
951 1899 1102 1958 Ven.
1130 1916 1187 1957 v.
1220 1895 1358 1974 76);
1405 1904 1623 1974 quater
1665 1896 1882 1956 breves
1925 1896 2211 1975 syllabae,
2253 1916 2411 1974 quae
2442 1917 2562 1958 non
2607 1901 2668 1958 in

427 2019 746 2062 consonam
796 2005 1037 2078 exeunt,
1079 2000 1139 2059 in
1186 2003 1452 2060 extremo
1498 2017 1678 2058 versu
1724 2000 1951 2076 positae
1997 2003 2136 2059 sunt
2175 2003 2256 2077 (3,
2290 2004 2385 2078 10,
2420 2004 2515 2077 11,
2550 1997 2670 2073 19).

597 2104 917 2164 (laesuram
962 2121 1147 2180 porro
1191 2118 1396 2162 omnes
1438 2118 1654 2161 versus
1697 2101 2017 2177 legitimam
2065 2106 2203 2179 post
2246 2101 2447 2161 sedem
2493 2122 2669 2180 quar-

423 2211 540 2266 tam
584 2206 826 2266 habent.

595 2310 809 2385 Neque
854 2325 1107 2383 usquam
1154 2307 1319 2382 leges
1363 2324 1748 2366 numerorum
1795 2305 2133 2365 subtiliores
2177 2308 2467 2384 migratae
2512 2313 2668 2368 sunt,

594 2412 845 2470 Restant
887 2409 1190 2486 elisiones,
1233 2426 1387 2485 quae
1432 2426 1638 2467 omnes
1682 2405 1850 2481 (sunt
1893 2427 2037 2468 vero
2084 2409 2349 2486 quinque
2393 2411 2454 2468 in
2500 2410 2668 2470 brevi

423 2533 518 2572 vv.
550 2516 607 2590 5,
652 2515 708 2589 9,
757 2516 850 2582 10,
902 2513 996 2581 19,
1046 2507 1151 2582 19)
1194 2513 1361 2569 recte
1403 2529 1469 2570 se
1512 2510 1767 2587 habent,
1815 2528 1948 2569 cum
1996 2528 2115 2570 non
2162 2510 2560 2572 adhibeantur
2603 2513 2664 2571 in

423 2614 655 2692 syllaba
699 2632 856 2691 quae
902 2614 960 2671 in
1009 2629 1258 2672 caesura
1303 2615 1409 2672 aut
1451 2613 1648 2671 statim
1692 2617 1828 2690 post
1873 2631 2178 2673 caesuram
2225 2614 2318 2673 sit.

593 2718 718 2776 Iam
766 2716 1045 2792 quoniam
1095 2714 1172 2773 ad
1204 2733 1441 2774 carmen
1487 2715 1647 2774 istud
1679 2714 1754 2774 de
1784 2716 2022 2775 avicula
2059 2716 2465 2792 pervenimus,
2508 2734 2664 2792 quae

420 2818 630 2895 prima,
674 2836 830 2894 quae
872 2816 1080 2876 ultima
1125 2819 1464 2889 tractemus,
1509 2818 1827 2893 nescimus,
1872 2836 2002 2876 cum
2036 2819 2234 2877 omnia
2277 2819 2405 2893 pari
2438 2818 2662 2878 vilitate

419 2920 710 2981 laborent.
787 2919 1020 2979 Etenim
1083 2918 1234 2979 bene
1296 2937 1430 2978 cum
1487 2918 1591 2978 illo
1634 2913 1878 2996 ,‚nimis“
1924 2919 2203 2979 cotidiani
2248 2921 2537 2979 sermonis
2581 2919 2665 2978 di-

421 3023 595 3082 cendi
640 3040 830 3099 genus
874 3022 1189 3098 convenit,
1250 3041 1324 3081 ex
1376 3040 1499 3098 quo
1553 3021 1878 3080 nonnullos
1932 3021 2212 3083 flosculos
2257 3022 2664 3098 decerpamus,

420 3128 487 3185 ut
529 3124 805 3203 „explere
850 3117 1144 3200 volatus“,
1202 3124 1515 3202 „sublimia
1559 3117 1866 3195 circuire“,
1930 3124 2170 3201 „iacere
2246 3122 2354 3183 sub
2417 3117 2665 3201 imis“(!),

346 3219 349 3221 ’
416 3227 794 3304 „exemplum
841 3225 1167 3286 tenendum
1231 3219 1505 3303 capere“‚
1563 3229 1811 3302 „tonare
1871 3224 1992 3297 (vel
2050 3223 2288 3297 sonare)
2332 3218 2663 3285 secundis.“

422 3328 671 3388 Accedit
715 3326 878 3406 quod
930 3346 1167 3387 carmen
1200 3322 1763 3405 testudineofquasi
1795 3328 1987 3404 gradu
2019 3327 2309 3406 procedit,
2352 3346 2427 3387 ne
2465 3328 2654 3385 dicam

417 3434 583 3491 retro
630 3449 696 3491 se
741 3430 874 3501 fert,
938 3449 1094 3507 quae
1153 3449 1250 3491 res
1303 3431 1363 3489 iu
1424 3430 1661 3490 tantulo
1707 3431 1969 3489 carmine
2012 3432 2283 3491 tantulae
2328 3429 2656 3489 sententiae

415 3531 746 3593 tolerabilis
799 3550 921 3591 non
966 3536 1074 3591 est.
1161 3533 1488 3591 Praeterea
1530 3530 1798 3591 notanda
1858 3536 1950 3591 est
2004 3531 2317 3594 antithesis
2373 3549 2659 3608 perversa

419 3632 499 3707 (v.
548 3631 627 3706 6).
720 3633 888 3706 Quae
935 3650 1066 3692 cum
1113 3632 1196 3691 ita
1239 3632 1390 3709 siut,
1452 3650 1690 3691 causam
1738 3651 1856 3692 non
1905 3633 2110 3706 video,
2169 3652 2279 3694 cur
2320 3634 2658 3704 Tiberiano,

416 3736 520 3812 qui
567 3740 727 3796 certe
769 3736 829 3794 iu
877 3735 1171 3813 eligendis
1200 3739 1340 3811 apte
1386 3735 1461 3794 ad
1496 3734 1774 3795 carminis
1803 3735 2107 3796 materiam
2139 3737 2346 3797 metris
2374 3734 2659 3795 iudicium

416 3856 536 3897 non
582 3839 878 3916 neglexit,
926 3856 1139 3898 versus
1198 3838 1343 3898 istos
1399 3838 1605 3913 inepto
1662 3838 1749 3898 rei
1794 3842 1984 3898 metro
2030 3839 2410 3914 conscriptos
2455 3839 2657 3897 obtru-

413 3939 643 4000 damus.
665 3937 740 4013 ¹⁷)

591 4087 647 4149 ¹⁷)
682 4087 860 4136 Liceat
902 4086 1031 4136 mihi
1065 4088 1119 4136 in
1155 4086 1295 4137 calce
1332 4087 1503 4153 operis
1537 4086 1819 4136 versiculos
1854 4086 1982 4136 istos
2016 4087 2070 4135 in
2106 4086 2440 4135 adnotatione
2477 4083 2658 4134 saltem

413 4171 708 4235 legentibus
741 4179 1118 4236 repraesentare
1132 4190 1145 4230 ;
1184 4188 1316 4237 quae
1339 4172 1684 4221 Baehrensius
1719 4173 1933 4221 mutavit
1968 4172 2022 4221 in
2058 4179 2252 4222 textum
2276 4178 2481 4236 recepta
2507 4175 2652 4219 sunt:

415 4257 657 4322 equidem
692 4255 947 4319 corrigere
983 4257 1266 4321 quidquam
1300 4257 1359 4307 in
1389 4257 1613 4305 carmine
1647 4257 1871 4322 pessimo
1905 4257 2067 4307 nolui.
