3142 4809
2630 312 2712 374 29

468 502 646 545 versu
707 484 1031 544 collocatae
1092 485 1230 542 sunt
1275 481 1410 558 (20,
1455 484 1560 558 21,
1609 484 1715 558 24,
1763 485 1876 551 31;
1954 482 2177 560 ubique
2251 486 2342 543 est
2412 485 2712 560 particula

470 578 710 663 „quoiq-

642 688 709 747 In
771 689 1030 748 caesuris
1089 702 1233 746 vero
1301 685 1617 761 utriusque
1680 685 1958 744 carminis
2021 686 2174 748 ratio
2233 686 2525 747 simillima.
2592 693 2715 783 est3

475 810 608 851 nam
680 790 1137 867 semiquinarias
1198 787 1567 864 undeviginti
1631 788 1790 866 fere,
1855 788 2140 849 tredecim
2200 789 2717 868 semiseptenarias

476 890 741 970 repperi,
786 888 1002 969 quibus'
1047 891 1342 952 accedunt
1387 891 1739 951 auxiliariae
1784 895 1889 951 aut
1933 893 2355 969 semiquinaria
2399 901 2503 955 aut
2545 897 2714 955 semi-

474 995 734 1054 ternaria
780 1011 917 1054 cum
959 993 1077 1053 fine
1110 994 1276 1054 verbi
1322 995 1455 1070 post
1498 994 1737 1054 tertium
1784 996 2154 1073 trochaeum,
2197 1013 2351 1072 quae
2395 996 2553 1057 tertii
2596 1003 2716 1060 tro-

474 1096 644 1156 chaei
687 1115 896 1158 norma
940 1104 999 1155 et
1041 1095 1138 1154 hic
1182 1095 1364 1154 semel
1408 1095 1665 1170 migrata
1708 1100 1797 1155 est
1840 1093 1922 1168 (v,
1958 1093 2075 1168 14).

649 1198 901 1258 Accedit
945 1197 1105 1274 quod
1151 1196 1356 1258 eodem
1403 1195 1530 1255 fere
1578 1214 1823 1256 numero
1856 1197 2184 1272 spondiaca
2213 1200 2399 1259 verba.
2434 1201 2494 1259 in
2527 1202 2717 1278 primo

480 1300 559 1373 (v.
594 1305 702 1372 11,
750 1299 854 1372 25)
901 1303 961 1359 et
1004 1301 1220 1375 quarto
1265 1296 1419 1375 pede
1464 1296 1592 1374 (15,
1637 1303 1736 1376 21,
1787 1297 1891 1372 28)
1940 1298 2174 1360 adsunt.

650 1403 838 1461 Porro
883 1402 1222 1460 subtiliores
1265 1399 1488 1478 pedum
1532 1401 1696 1476 leges
1743 1401 1961 1478 ubique
2006 1406 2282 1462 servatae
2312 1407 2452 1462 sunt
2480 1409 2719 1479 praeter

480 1523 534 1564 v.
566 1508 665 1581 31,
712 1503 812 1562 ubi
840 1502 986 1562 illud
1031 1495 1492 1579 „dissimilique“
1536 1521 1749 1579 parum
1793 1502 2006 1579 placet.

650 1604 998 1683 Sequuntur
1042 1604 1350 1674 elisiones,
1411 1622 1568 1681 quae
1615 1606 1921 1680 longarum
1969 1607 2147 1665 semel
2190 1607 2265 1674 (v.
2299 1605 2397 1685 4),
2449 1609 2719 1670 brevium

483 1711 696 1786 qnater
740 1706 864 1782 (11,
899 1710 998 1784 12,
1030 1710 1125 1783 12,
1166 1704 1268 1778 14)
1313 1706 1735 1776 inveniuntur;
1782 1706 1936 1767 duae
1982 1712 2177 1768 autem
2222 1711 2403 1784 paulo
2449 1711 2721 1772 duriores

483 1816 653 1871 sunt:
715 1830 772 1870 v.
818 1815 895 1871 21
959 1811 1019 1868 in
1079 1808 1232 1869 thesi
1291 1808 1350 1866 ΙΙ
1411 1806 1688 1882 (caesura
1746 1813 1837 1868 est
1895 1811 2362 1888 semiquinaria),
2424 1832 2479 1872 v.
2528 1818 2606 1876 14
2659 1815 2720 1873 in

483 1914 633 1973 thesi
677 1913 764 1972 111
809 1910 1082 1983 (caesura
1137 1915 1229 1971 est
1272 1909 1807 1989 semiseptenaria),
1852 1913 1961 1973 sed
2020 1913 2195 1972 venia
2252 1914 2393 1975 inde
2452 1920 2722 1994 paratur,

486 2016 645 2091 quod
691 2015 952 2093 syllabae
998 2014 1180 2073 elisae
1225 2014 1436 2073 breves
1481 2016 1640 2073 sunt.
1663 2011 1734 2084 15)
1780 2050 1794 2065 ·

656 2114 850 2176 Semel
895 2121 1209 2193 praeterea
1251 2116 1569 2175 trochaeus
1612 2117 1671 2175 in
1718 2116 1884 2175 brevi
1927 2135 2046 2177 non
2091 2122 2266 2177 acuta
2311 2116 2471 2195 (12),
2534 2121 2723 2180 semel

485 2218 790 2297 spondeus
838 2216 989 2291 (sive
1031 2215 1378 2290 trochaeus)
1421 2218 1482 2275 in
1529 2218 1644 2277 arsi
1690 2216 1745 2276 11
1792 2218 1972 2278 elisus
2018 2222 2107 2278 est
2152 2216 2258 2291 (4).

602 2393 613 2406 ·
655 2321 746 2380 Ac
792 2339 866 2380 ne
912 2321 1004 2378 hic
1048 2319 1290 2397 quidem
1334 2319 1657 2396 quidquam
1704 2319 1777 2378 de
1830 2321 2138 2396 productis
2182 2322 2430 2399 syllabis
2485 2342 2723 2384 monen-

489 2425 630 2484 dum
676 2428 767 2484 est
810 2452 893 2461 ——
940 2441 1074 2481 nam
1120 2424 1179 2481 in
1225 2439 1403 2481 versu
1450 2425 1533 2482 30
1577 2422 1783 2481 ultima
1812 2420 1976 2481 vocis
2005 2417 2389 2498 „sustuleris“
2420 2443 2540 2485 non
2572 2427 2723 2486 arsis

490 2528 546 2585 vi
609 2525 902 2602 producta
960 2528 1076 2600 est,
1131 2525 1237 2583 sed
1281 2524 1580 2583 finalis-is
1638 2525 1697 2583 in
1762 2524 2026 2584 secunda
2069 2544 2327 2601 persona
2370 2526 2621 2603 perfecti
2667 2533 2726 2588 et

490 2629 672 2688 futuri
737 2627 790 2686 11
850 2644 960 2704 per
1018 2645 1192 2686 omne
1250 2632 1485 2703 tempus
1547 2628 1567 2684 i
1630 2645 1942 2686 commune
1999 2627 2230 2704 habuit3
2295 2628 2369 2687 de
2432 2645 2466 2687 ο
2529 2629 2726 2690 finalis

492 2732 822 2807 quantitate
868 2747 991 2788 non
1033 2730 1176 2789 satis
1221 2733 1457 2789 constat
1499 2725 1609 2801 (4).

662 2833 871 2908 Itaque
915 2851 1049 2892 cum
1095 2849 1288 2908 pauca
1331 2819 1557 2891 tantum
1603 2832 2003 2907 inveniantur,
2046 2850 2202 2909 quae
2249 2833 2441 2893 minus
2487 2834 2560 2893 ad
2602 2853 2727 2894 car-

496 2952 626 2992 men
673 2934 701 2992 I
744 2934 1065 3009 quadrent,
1126 2939 1334 2994 contra
1393 2935 1575 2999 multa
1633 2952 1829 3010 neque
1890 2952 1960 2993 ea
2004 2934 2182 3005 levia,
2244 2953 2399 3012 quae
2458 2954 2593 2995 cum
2656 2954 2727 2995 eo

495 3037 879 3112 conveniant,
924 3036 1037 3096 hoc
1082 3055 1317 3120 carmen
1365 3037 1691 3096 Tiberiano
1735 3036 2118 3095 tribuendum
2165 3053 2295 3096 esse
2342 3037 2511 3097 duco.

667 3138 896 3209 Quibus
955 3157 1087 3197 cum
1149 3138 1396 3198 accedat
1447 3139 1548 3198 illa
1594 3155 1836 3215 quoque
1880 3155 2090 3209 causa,
2154 3138 2316 3214 quod
2362 3137 2607 3199 Servius
2652 3138 2728 3199 ad

497 3238 680 3314 Verg.
708 3240 855 3298 Aen.
892 3241 993 3310 Vl,
1028 3243 1150 3300 532
1205 3241 1586 3315 prolixiorem
1641 3240 1944 3300 Tiberiani
1991 3239 2067 3300 de
2113 3240 2334 3300 mundo
2382 3240 2727 3317 disputatio·

495 3359 628 3400 nem
677 3341 970 3421 significat
984 3338 1078 3418 1ὃ),
1124 3342 1319 3418 colligi
1365 3343 1503 3404 lieet
1548 3343 1936 3403 Tiberianam
1982 3361 2017 3400 a
2061 3340 2269 3403 Servio
2315 3351 2730 3403 commemora-

494 3448 619 3502 tum
693 3444 946 3504 eundem
1021 3462 1154 3504 esse
1218 3463 1290 3504 ac
1350 3445 1738 3505 Tiberianam
1803 3444 1981 3503 huius
2054 3444 2336 3503 carminis
2410 3447 2732 3505 auctorem.

496 3545 853 3605 Tiberianus
897 3546 1080 3622 igitur
1124 3548 1360 3624 scripsit
1391 3546 1466 3606 de
1497 3546 1742 3624 mundo,
1786 3548 1956 3607 cuius
2000 3547 2274 3608 carminis
2319 3545 2491 3606 nobis
2526 3565 2733 3624 super-

497 3651 587 3706 est
629 3647 776 3706 haec
819 3646 1130 3722 praefatio·

670 3748 888 3825 Neque
947 3749 1103 3809 enim
1147 3750 1467 3811 verisimile
1524 3755 1617 3812 est
1675 3752 1789 3812 hoc
1834 3770 2071 3812 carmen
2128 3751 2498 3827 prooemium
2551 3750 2734 3811 fuisse

498 3849 637 3910 libri
680 3850 852 3911 istius
898 3850 974 3911 de
1019 3850 1282 3928 Socrate,
1327 3869 1499 3927 quem
1531 3855 1889 3929 Fulgentius
1925 3853 2271 3929 hariolatur,
2316 3856 2377 3913 et
2420 3853 2516 3912 cui
2545 3853 2736 3913 Baeh-

464 3953 730 4018 *rensius
792 3954 827 4014 1.
873 3973 922 4013 0.
980 3971 1236 4026 „versus
1293 3951 1556 4014 Socratis
1640 3954 2019 4032 philosophi“
2086 3955 2309 4015 inserit.
2413 3954 2599 4032 Nam,
2670 3957 2737 4014 ut

497 4056 986 4129 praetermittam,
1034 4055 1194 4133 quod
1241 4054 1441 4116 adhuc
1483 4057 1657 4127 latet,
1704 4075 1881 4133 quam
1928 4058 2003 4116 ob
2051 4075 2172 4117 rem
2212 4053 2475 4115 Socratis
2520 4073 2737 4115 nomen

674 4220 726 4282 ¹⁶)
763 4220 829 4270 V.
867 4235 900 4283 4
936 4220 1183 4283 „dignum
1218 4225 1330 4269 est‘·
1366 4235 1472 4268 non
1506 4219 1727 4284 pertinet
1763 4221 1830 4270 ad
1865 4220 2146 4269 elisionem.

671 4305 728 4367 ¹⁶)
764 4305 946 4365 Riese,
981 4304 1206 4355 Anthol.
1242 4306 1353 4354 Lat.
1391 4306 1444 4352 II
1480 4303 1635 4369 praef.
1673 4320 1725 4369 p.
1762 4305 1821 4354 X
1854 4312 1963 4355 not.
2002 4314 2048 4367 5.
