<?xml version="1.0" encoding="UTF-8"?>
<!DOCTYPE html PUBLIC "-//W3C//DTD XHTML 1.0 Transitional//EN"
    "http://www.w3.org/TR/xhtml1/DTD/xhtml1-transitional.dtd">
<html xmlns="http://www.w3.org/1999/xhtml" xml:lang="en" lang="en">
 <head>
  <title>
</title>
<meta http-equiv="Content-Type" content="text/html;charset=utf-8" />
  <meta name='ocr-system' content='tesseract 3.04.00' />
  <meta name='ocr-capabilities' content='ocr_page ocr_carea ocr_par ocr_line ocrx_word'/>
</head>
<body>
  <div class='ocr_page' id='page_1' title='image "./detiberianiquae00tibegoog_0039.png"; bbox 0 0 3142 4809; ppageno 0'>
   <div class='ocr_carea' id='block_1_1' title="bbox 2623 309 2700 371">
    <p class='ocr_par' dir='ltr' id='par_1_1' title="bbox 2623 309 2700 371">
     <span class='ocr_line' id='line_1_1' title="bbox 2623 309 2700 371; baseline -0.013 0"><span class='ocrx_word' id='word_1_1' title='bbox 2623 309 2700 371; x_wconf 80' lang='lat'><strong>31</strong></span> 
     </span>
    </p>
   </div>
   <div class='ocr_carea' id='block_1_2' title="bbox 466 481 2710 969">
    <p class='ocr_par' dir='ltr' id='par_1_2' title="bbox 466 481 2710 969">
     <span class='ocr_line' id='line_1_2' title="bbox 635 481 2706 561; baseline -0.004 -12"><span class='ocrx_word' id='word_1_2' title='bbox 635 491 802 549; x_wconf 86' lang='lat' dir='ltr'><strong>Haec</strong></span> <span class='ocrx_word' id='word_1_3' title='bbox 865 489 1043 548; x_wconf 84' lang='lat' dir='ltr'><strong>habui</strong></span> <span class='ocrx_word' id='word_1_4' title='bbox 1087 486 1162 547; x_wconf 91' lang='lat' dir='ltr'><strong>de</strong></span> <span class='ocrx_word' id='word_1_5' title='bbox 1207 484 1509 546; x_wconf 79' lang='lat' dir='ltr'><strong>Tiberiani</strong></span> <span class='ocrx_word' id='word_1_6' title='bbox 1557 482 1940 561; x_wconf 77' lang='lat' dir='ltr'>fragmentis,</span> <span class='ocrx_word' id='word_1_7' title='bbox 1984 499 2140 559; x_wconf 88' lang='lat' dir='ltr'><strong>quae</strong></span> <span class='ocrx_word' id='word_1_8' title='bbox 2187 481 2465 542; x_wconf 79' lang='lat' dir='ltr'><strong>dicerem.</strong></span> <span class='ocrx_word' id='word_1_9' title='bbox 2535 483 2706 555; x_wconf 76' lang='lat' dir='ltr'><strong>Quae</strong></span> 
     </span>
     <span class='ocr_line' id='line_1_3' title="bbox 466 583 2706 666; baseline -0.004 -13"><span class='ocrx_word' id='word_1_10' title='bbox 466 596 696 653; x_wconf 81' lang='lat' dir='ltr'><strong>restant</strong></span> <span class='ocrx_word' id='word_1_11' title='bbox 740 590 1058 651; x_wconf 82' lang='lat' dir='ltr'><strong>admodum</strong></span> <span class='ocrx_word' id='word_1_12' title='bbox 1089 606 1285 666; x_wconf 85' lang='lat' dir='ltr'><strong>pauca</strong></span> <span class='ocrx_word' id='word_1_13' title='bbox 1315 589 1484 647; x_wconf 82' lang='lat' dir='ltr'><strong>sunt:</strong></span> <span class='ocrx_word' id='word_1_14' title='bbox 1531 604 1729 662; x_wconf 88' lang='lat' dir='ltr'><strong>neque</strong></span> <span class='ocrx_word' id='word_1_15' title='bbox 1760 585 1925 645; x_wconf 72' lang='lat' dir='ltr'><strong>enim.</strong></span> <span class='ocrx_word' id='word_1_16' title='bbox 1946 583 2025 643; x_wconf 87' lang='lat' dir='ltr'><strong>ad</strong></span> <span class='ocrx_word' id='word_1_17' title='bbox 2057 584 2324 644; x_wconf 80' lang='lat' dir='ltr'><strong>ordinem</strong></span> <span class='ocrx_word' id='word_1_18' title='bbox 2354 587 2706 662; x_wconf 82' lang='lat' dir='ltr'><strong>temporum,</strong></span> 
     </span>
     <span class='ocr_line' id='line_1_4' title="bbox 468 685 2707 772; baseline -0.004 -17"><span class='ocrx_word' id='word_1_19' title='bbox 468 695 685 772; x_wconf 76' lang='lat' dir='ltr'><strong>quibus</strong></span> <span class='ocrx_word' id='word_1_20' title='bbox 714 693 949 770; x_wconf 83' lang='lat' dir='ltr'><strong>singula</strong></span> <span class='ocrx_word' id='word_1_21' title='bbox 970 693 1118 752; x_wconf 86' lang='lat' dir='ltr'><strong>haec</strong></span> <span class='ocrx_word' id='word_1_22' title='bbox 1149 690 1414 751; x_wconf 85' lang='lat' dir='ltr'><strong>carmina</strong></span> <span class='ocrx_word' id='word_1_23' title='bbox 1444 687 1671 764; x_wconf 78' lang='lat' dir='ltr'><strong>scripta</strong></span> <span class='ocrx_word' id='word_1_24' title='bbox 1700 688 1837 765; x_wconf 82' lang='lat' dir='ltr'><strong>sint,</strong></span> <span class='ocrx_word' id='word_1_25' title='bbox 1867 685 2347 746; x_wconf 80' lang='lat' dir='ltr'><strong>constituendum</strong></span> <span class='ocrx_word' id='word_1_26' title='bbox 2382 686 2707 764; x_wconf 84' lang='lat' dir='ltr'><strong>quidquam</strong></span> 
     </span>
     <span class='ocr_line' id='line_1_5' title="bbox 469 787 2710 872; baseline -0.004 -15"><span class='ocrx_word' id='word_1_27' title='bbox 469 798 666 857; x_wconf 82' lang='lat' dir='ltr'><strong>afferri</strong></span> <span class='ocrx_word' id='word_1_28' title='bbox 710 798 939 872; x_wconf 81' lang='lat' dir='ltr'><strong>potest,</strong></span> <span class='ocrx_word' id='word_1_29' title='bbox 1002 797 1063 854; x_wconf 81' lang='lat' dir='ltr'><strong>et</strong></span> <span class='ocrx_word' id='word_1_30' title='bbox 1121 792 1195 851; x_wconf 89' lang='lat' dir='ltr'><strong>de</strong></span> <span class='ocrx_word' id='word_1_31' title='bbox 1240 790 1545 851; x_wconf 77' lang='lat' dir='ltr'><strong>Tiberiani</strong></span> <span class='ocrx_word' id='word_1_32' title='bbox 1607 788 1797 866; x_wconf 80' lang='lat' dir='ltr'><strong>ipsius</strong></span> <span class='ocrx_word' id='word_1_33' title='bbox 1852 792 2046 849; x_wconf 83' lang='lat' dir='ltr'><strong>aetate</strong></span> <span class='ocrx_word' id='word_1_34' title='bbox 2107 807 2181 848; x_wconf 83' lang='lat' dir='ltr'><strong>ex</strong></span> <span class='ocrx_word' id='word_1_35' title='bbox 2225 789 2317 848; x_wconf 85' lang='lat' dir='ltr'><strong>his</strong></span> <span class='ocrx_word' id='word_1_36' title='bbox 2361 787 2710 866; x_wconf 77' lang='lat' dir='ltr'><strong>fragmentis</strong></span> 
     </span>
     <span class='ocr_line' id='line_1_6' title="bbox 470 890 2708 969; baseline -0.005 -10"><span class='ocrx_word' id='word_1_37' title='bbox 470 899 758 959; x_wconf 81' lang='lat' dir='ltr'><strong>hactenus</strong></span> <span class='ocrx_word' id='word_1_38' title='bbox 801 896 1065 957; x_wconf 85' lang='lat' dir='ltr'><strong>iudicare</strong></span> <span class='ocrx_word' id='word_1_39' title='bbox 1111 894 1257 954; x_wconf 82' lang='lat' dir='ltr'><strong>licet</strong></span> <span class='ocrx_word' id='word_1_40' title='bbox 1300 912 1435 954; x_wconf 91' lang='lat' dir='ltr'><strong>eum</strong></span> <span class='ocrx_word' id='word_1_41' title='bbox 1484 894 1641 953; x_wconf 84' lang='lat' dir='ltr'><strong>inter</strong></span> <span class='ocrx_word' id='word_1_42' title='bbox 1670 892 1991 969; x_wconf 85' lang='lat' dir='ltr'><strong>Apuleium</strong></span> <span class='ocrx_word' id='word_1_43' title='bbox 2038 895 2098 951; x_wconf 81' lang='lat' dir='ltr'><strong>et</strong></span> <span class='ocrx_word' id='word_1_44' title='bbox 2125 890 2394 952; x_wconf 84' lang='lat' dir='ltr'><strong>Servium</strong></span> <span class='ocrx_word' id='word_1_45' title='bbox 2423 891 2708 951; x_wconf 81' lang='lat' dir='ltr'><strong>floruisse.</strong></span> 
     </span>
    </p>
   </div>
   <div class='ocr_carea' id='block_1_3' title="bbox 920 1054 2167 2142">
    <p class='ocr_par' dir='ltr' id='par_1_3' title="bbox 920 1054 2167 2142">
     <span class='ocr_line' id='line_1_7' title="bbox 1397 1054 1784 1122; baseline 0.003 -17"><span class='ocrx_word' id='word_1_46' title='bbox 1397 1055 1502 1122; x_wconf 89' lang='lat' dir='ltr'><strong>[De</strong></span> <span class='ocrx_word' id='word_1_47' title='bbox 1539 1054 1784 1121; x_wconf 64' lang='lat' dir='ltr'><strong>avicula]</strong></span> 
     </span>
     <span class='ocr_line' id='line_1_8' title="bbox 1012 1141 2046 1206; baseline -0.004 -13"><span class='ocrx_word' id='word_1_48' title='bbox 1012 1143 1166 1203; x_wconf 73' lang='lat' dir='ltr'><strong>Ales,</strong></span> <span class='ocrx_word' id='word_1_49' title='bbox 1205 1144 1326 1193; x_wconf 89' lang='lat' dir='ltr'><strong>dum</strong></span> <span class='ocrx_word' id='word_1_50' title='bbox 1360 1141 1584 1192; x_wconf 87' lang='lat' dir='ltr'><strong>madidis</strong></span> <span class='ocrx_word' id='word_1_51' title='bbox 1621 1147 1829 1204; x_wconf 88' lang='lat' dir='ltr'><strong>gravata</strong></span> <span class='ocrx_word' id='word_1_52' title='bbox 1863 1141 2046 1206; x_wconf 88' lang='lat' dir='ltr'><strong>pennis</strong></span> 
     </span>
     <span class='ocr_line' id='line_1_9' title="bbox 1013 1225 1886 1292; baseline -0.003 -15"><span class='ocrx_word' id='word_1_53' title='bbox 1013 1229 1162 1277; x_wconf 91' lang='lat' dir='ltr'><strong>Udos</strong></span> <span class='ocrx_word' id='word_1_54' title='bbox 1197 1228 1392 1277; x_wconf 82' lang='lat' dir='ltr'><strong>tardius</strong></span> <span class='ocrx_word' id='word_1_55' title='bbox 1427 1225 1632 1292; x_wconf 85' lang='lat' dir='ltr'><strong>expleat</strong></span> <span class='ocrx_word' id='word_1_56' title='bbox 1666 1226 1886 1284; x_wconf 81' lang='lat' dir='ltr'><strong>volatuS‚</strong></span> 
     </span>
     <span class='ocr_line' id='line_1_10' title="bbox 1014 1311 1923 1376; baseline -0.003 -14"><span class='ocrx_word' id='word_1_57' title='bbox 1014 1314 1232 1362; x_wconf 84' lang='lat' dir='ltr'><strong>Defecta</strong></span> <span class='ocrx_word' id='word_1_58' title='bbox 1264 1313 1321 1361; x_wconf 89' lang='lat' dir='ltr'><strong>in</strong></span> <span class='ocrx_word' id='word_1_59' title='bbox 1354 1311 1526 1361; x_wconf 88' lang='lat' dir='ltr'><strong>medio</strong></span> <span class='ocrx_word' id='word_1_60' title='bbox 1560 1318 1772 1376; x_wconf 83' lang='lat' dir='ltr'><strong>repente</strong></span> <span class='ocrx_word' id='word_1_61' title='bbox 1806 1311 1923 1359; x_wconf 91' lang='lat' dir='ltr'><strong>nisu</strong></span> 
     </span>
     <span class='ocr_line' id='line_1_11' title="bbox 1014 1395 2167 1465; baseline -0.002 -17"><span class='ocrx_word' id='word_1_62' title='bbox 1014 1398 1180 1465; x_wconf 83' lang='lat' dir='ltr'><strong>Capta</strong></span> <span class='ocrx_word' id='word_1_63' title='bbox 1214 1405 1293 1448; x_wconf 90' lang='lat' dir='ltr'><strong>est</strong></span> <span class='ocrx_word' id='word_1_64' title='bbox 1326 1398 1554 1464; x_wconf 90' lang='lat' dir='ltr'><strong>pondere</strong></span> <span class='ocrx_word' id='word_1_65' title='bbox 1593 1396 1909 1461; x_wconf 86' lang='lat' dir='ltr'><strong>deprimente</strong></span> <span class='ocrx_word' id='word_1_66' title='bbox 1946 1395 2167 1460; x_wconf 88' lang='lat' dir='ltr'><strong>plumae.</strong></span> 
     </span>
     <span class='ocr_line' id='line_1_12' title="bbox 949 1482 1883 1548; baseline -0.003 -15"><span class='ocrx_word' id='word_1_67' title='bbox 949 1494 976 1548; x_wconf 84' lang='lat'><strong>5</strong></span> <span class='ocrx_word' id='word_1_68' title='bbox 1015 1482 1229 1533; x_wconf 88' lang='lat' dir='ltr'><strong>Cassato</strong></span> <span class='ocrx_word' id='word_1_69' title='bbox 1266 1483 1421 1533; x_wconf 89' lang='lat' dir='ltr'><strong>solito</strong></span> <span class='ocrx_word' id='word_1_70' title='bbox 1455 1482 1633 1545; x_wconf 85' lang='lat' dir='ltr'><strong>vigore</strong></span> <span class='ocrx_word' id='word_1_71' title='bbox 1668 1496 1883 1547; x_wconf 86' lang='lat' dir='ltr'><strong>pennae,</strong></span> 
     </span>
     <span class='ocr_line' id='line_1_13' title="bbox 1014 1567 2095 1631; baseline -0.001 -14"><span class='ocrx_word' id='word_1_72' title='bbox 1014 1568 1161 1631; x_wconf 77' lang='lat' dir='ltr'><strong>Quae</strong></span> <span class='ocrx_word' id='word_1_73' title='bbox 1196 1568 1355 1617; x_wconf 85' lang='lat' dir='ltr'><strong>vitam</strong></span> <span class='ocrx_word' id='word_1_74' title='bbox 1391 1568 1654 1627; x_wconf 85' lang='lat' dir='ltr'><strong>dederant,</strong></span> <span class='ocrx_word' id='word_1_75' title='bbox 1690 1567 1877 1616; x_wconf 86' lang='lat' dir='ltr'><strong>dedere</strong></span> <span class='ocrx_word' id='word_1_76' title='bbox 1910 1567 2095 1625; x_wconf 83' lang='lat' dir='ltr'><strong>letum;</strong></span> 
     </span>
     <span class='ocr_line' id='line_1_14' title="bbox 1015 1651 2028 1718; baseline -0.003 -15"><span class='ocrx_word' id='word_1_77' title='bbox 1015 1653 1120 1713; x_wconf 89' lang='lat' dir='ltr'><strong>Sic,</strong></span> <span class='ocrx_word' id='word_1_78' title='bbox 1156 1652 1272 1718; x_wconf 88' lang='lat' dir='ltr'><strong>quis</strong></span> <span class='ocrx_word' id='word_1_79' title='bbox 1307 1653 1467 1704; x_wconf 85' lang='lat' dir='ltr'><strong>ardua</strong></span> <span class='ocrx_word' id='word_1_80' title='bbox 1501 1667 1637 1701; x_wconf 86' lang='lat' dir='ltr'><strong>nunc</strong></span> <span class='ocrx_word' id='word_1_81' title='bbox 1673 1652 1884 1701; x_wconf 88' lang='lat' dir='ltr'><strong>tenebat</strong></span> <span class='ocrx_word' id='word_1_82' title='bbox 1916 1651 2028 1710; x_wconf 69' lang='lat' dir='ltr'><strong>alie,</strong></span> 
     </span>
     <span class='ocr_line' id='line_1_15' title="bbox 1014 1736 1902 1804; baseline -0.001 -17"><span class='ocrx_word' id='word_1_83' title='bbox 1014 1739 1187 1787; x_wconf 89' lang='lat' dir='ltr'><strong>Isdem</strong></span> <span class='ocrx_word' id='word_1_84' title='bbox 1221 1737 1455 1804; x_wconf 83' lang='lat' dir='ltr'><strong>protinus</strong></span> <span class='ocrx_word' id='word_1_85' title='bbox 1488 1736 1674 1787; x_wconf 85' lang='lat' dir='ltr'><strong>incidit</strong></span> <span class='ocrx_word' id='word_1_86' title='bbox 1708 1737 1902 1786; x_wconf 86' lang='lat' dir='ltr'><strong>ruinae.</strong></span> 
     </span>
     <span class='ocr_line' id='line_1_16' title="bbox 1016 1822 1990 1889; baseline -0.001 -17"><span class='ocrx_word' id='word_1_87' title='bbox 1016 1822 1158 1887; x_wconf 81' lang='lat' dir='ltr'><strong>Quid</strong></span> <span class='ocrx_word' id='word_1_88' title='bbox 1194 1822 1432 1872; x_wconf 87' lang='lat' dir='ltr'><strong>sublimia</strong></span> <span class='ocrx_word' id='word_1_89' title='bbox 1467 1822 1710 1872; x_wconf 90' lang='lat' dir='ltr'><strong>circuisse</strong></span> <span class='ocrx_word' id='word_1_90' title='bbox 1746 1822 1990 1889; x_wconf 82' lang='lat' dir='ltr'><strong>prodest?</strong></span> 
     </span>
     <span class='ocr_line' id='line_1_17' title="bbox 920 1907 2125 1971; baseline -0.002 -14"><span class='ocrx_word' id='word_1_91' title='bbox 920 1920 981 1957; x_wconf 93' lang='lat'><strong>10</strong></span> <span class='ocrx_word' id='word_1_92' title='bbox 1016 1908 1121 1971; x_wconf 83' lang='lat' dir='ltr'><strong>Qui</strong></span> <span class='ocrx_word' id='word_1_93' title='bbox 1156 1907 1308 1957; x_wconf 88' lang='lat' dir='ltr'><strong>celsis</strong></span> <span class='ocrx_word' id='word_1_94' title='bbox 1343 1914 1612 1967; x_wconf 89' lang='lat' dir='ltr'><strong>steterunt,</strong></span> <span class='ocrx_word' id='word_1_95' title='bbox 1646 1907 1817 1957; x_wconf 91' lang='lat' dir='ltr'><strong>iacent</strong></span> <span class='ocrx_word' id='word_1_96' title='bbox 1851 1907 1947 1957; x_wconf 91' lang='lat' dir='ltr'><strong>sub</strong></span> <span class='ocrx_word' id='word_1_97' title='bbox 1984 1907 2125 1957; x_wconf 87' lang='lat' dir='ltr'><strong>imis!</strong></span> 
     </span>
     <span class='ocr_line' id='line_1_18' title="bbox 1015 1992 2088 2059; baseline -0.001 -17"><span class='ocrx_word' id='word_1_98' title='bbox 1015 1993 1322 2059; x_wconf 82' lang='lat' dir='ltr'><strong>Exemplum</strong></span> <span class='ocrx_word' id='word_1_99' title='bbox 1357 1993 1563 2058; x_wconf 78' lang='lat' dir='ltr'><strong>capiant</strong></span> <span class='ocrx_word' id='word_1_100' title='bbox 1597 1992 1749 2041; x_wconf 87' lang='lat' dir='ltr'><strong>nimis</strong></span> <span class='ocrx_word' id='word_1_101' title='bbox 1793 1993 2088 2051; x_wconf 88' lang='lat' dir='ltr'><strong>tenendum,</strong></span> 
     </span>
     <span class='ocr_line' id='line_1_19' title="bbox 1018 2079 2089 2142; baseline -0.001 -14"><span class='ocrx_word' id='word_1_102' title='bbox 1018 2079 1123 2142; x_wconf 79' lang='lat' dir='ltr'><strong>Qui</strong></span> <span class='ocrx_word' id='word_1_103' title='bbox 1157 2080 1275 2128; x_wconf 85' lang='lat' dir='ltr'><strong>vani</strong></span> <span class='ocrx_word' id='word_1_104' title='bbox 1310 2085 1362 2128; x_wconf 87' lang='lat' dir='ltr'><strong>et</strong></span> <span class='ocrx_word' id='word_1_105' title='bbox 1395 2079 1579 2128; x_wconf 87' lang='lat' dir='ltr'><strong>tumidi</strong></span> <span class='ocrx_word' id='word_1_106' title='bbox 1615 2085 1798 2128; x_wconf 80' lang='lat' dir='ltr'><strong>tonant</strong></span> <span class='ocrx_word' id='word_1_107' title='bbox 1833 2079 2089 2128; x_wconf 87' lang='lat' dir='ltr'><strong>secundis.</strong></span> 
     </span>
    </p>
   </div>
   <div class='ocr_carea' id='block_1_4' title="bbox 826 2199 1004 2209">
    <p class='ocr_par' dir='ltr' id='par_1_4' title="bbox 826 2199 1004 2209">
     <span class='ocr_line' id='line_1_20' title="bbox 826 2199 1004 2209; baseline 0 2600"><span class='ocrx_word' id='word_1_108' title='bbox 826 2199 1004 2209; x_wconf 95' lang='lat' dir='ltr'><strong> </strong></span> 
     </span>
    </p>
   </div>
   <div class='ocr_carea' id='block_1_5' title="bbox 553 2202 1132 2210">
    <p class='ocr_par' dir='ltr' id='par_1_5' title="bbox 553 2202 1132 2210">
     <span class='ocr_line' id='line_1_21' title="bbox 553 2202 1132 2210; baseline -0.002 -1"><span class='ocrx_word' id='word_1_109' title='bbox 553 2202 774 2210; x_wconf 41' lang='lat' dir='ltr'><strong>“mm-⁴⁴·-</strong></span> <span class='ocrx_word' id='word_1_110' title='bbox 1008 2203 1132 2209; x_wconf 49' lang='grc' dir='ltr'><strong>κ.-</strong></span> 
     </span>
    </p>
   </div>
   <div class='ocr_carea' id='block_1_6' title="bbox 477 2266 2723 3266">
    <p class='ocr_par' dir='ltr' id='par_1_6' title="bbox 477 2266 2717 2584">
     <span class='ocr_line' id='line_1_22' title="bbox 646 2266 2715 2334; baseline 0 -17"><span class='ocrx_word' id='word_1_111' title='bbox 646 2268 779 2318; x_wconf 89' lang='lat' dir='ltr'><strong>Cod.</strong></span> <span class='ocrx_word' id='word_1_112' title='bbox 815 2266 962 2317; x_wconf 84' lang='lat' dir='ltr'><strong>Harl.</strong></span> <span class='ocrx_word' id='word_1_113' title='bbox 1002 2267 1130 2330; x_wconf 81' lang='lat'><strong>3685</strong></span> <span class='ocrx_word' id='word_1_114' title='bbox 1169 2266 1261 2319; x_wconf 87' lang='lat' dir='ltr'><strong>fol.</strong></span> <span class='ocrx_word' id='word_1_115' title='bbox 1298 2267 1363 2316; x_wconf 89' lang='lat'><strong>26</strong></span> <span class='ocrx_word' id='word_1_116' title='bbox 1397 2268 1450 2316; x_wconf 87' lang='lat' dir='ltr'><strong>b.</strong></span> <span class='ocrx_word' id='word_1_117' title='bbox 1509 2266 1849 2332; x_wconf 78' lang='lat' dir='ltr'><strong>Inscriptum:</strong></span> <span class='ocrx_word' id='word_1_118' title='bbox 1913 2267 2105 2332; x_wconf 85' lang='lat' dir='ltr'><strong>Incipit</strong></span> <span class='ocrx_word' id='word_1_119' title='bbox 2153 2267 2440 2334; x_wconf 84' lang='lat' dir='ltr'><strong>Discriptio</strong></span> <span class='ocrx_word' id='word_1_120' title='bbox 2481 2269 2546 2320; x_wconf 87' lang='lat' dir='ltr'><strong>de</strong></span> <span class='ocrx_word' id='word_1_121' title='bbox 2586 2269 2715 2318; x_wconf 90' lang='lat' dir='ltr'><strong>Avi-</strong></span> 
     </span>
     <span class='ocr_line' id='line_1_23' title="bbox 477 2352 2717 2418; baseline 0.001 -17"><span class='ocrx_word' id='word_1_122' title='bbox 477 2353 609 2403; x_wconf 86' lang='lat' dir='ltr'><strong>cula.</strong></span> <span class='ocrx_word' id='word_1_123' title='bbox 643 2381 713 2390; x_wconf 90' lang='lat'><strong>—-</strong></span> <span class='ocrx_word' id='word_1_124' title='bbox 752 2365 772 2401; x_wconf 93' lang='lat'>1</span> <span class='ocrx_word' id='word_1_125' title='bbox 814 2353 1035 2402; x_wconf 82' lang='lat' dir='ltr'><strong>madida.</strong></span> <span class='ocrx_word' id='word_1_126' title='bbox 1071 2381 1140 2389; x_wconf 86' lang='lat'><strong>--</strong></span> <span class='ocrx_word' id='word_1_127' title='bbox 1176 2364 1205 2414; x_wconf 90' lang='lat'>3</span> <span class='ocrx_word' id='word_1_128' title='bbox 1242 2353 1446 2417; x_wconf 85' lang='lat' dir='ltr'><strong>Daepta</strong></span> <span class='ocrx_word' id='word_1_129' title='bbox 1469 2352 1523 2400; x_wconf 88' lang='lat' dir='ltr'><strong>in</strong></span> <span class='ocrx_word' id='word_1_130' title='bbox 1547 2352 1738 2401; x_wconf 82' lang='lat' dir='ltr'><strong>medic.</strong></span> <span class='ocrx_word' id='word_1_131' title='bbox 1765 2379 1831 2388; x_wconf 92' lang='lat'>—</span> <span class='ocrx_word' id='word_1_132' title='bbox 1856 2366 1889 2414; x_wconf 92' lang='lat'>4</span> <span class='ocrx_word' id='word_1_133' title='bbox 1915 2353 1980 2401; x_wconf 90' lang='lat' dir='ltr'><strong>de</strong></span> <span class='ocrx_word' id='word_1_134' title='bbox 2004 2359 2313 2418; x_wconf 88' lang='lat' dir='ltr'><strong>praemente.</strong></span> <span class='ocrx_word' id='word_1_135' title='bbox 2343 2382 2406 2390; x_wconf 91' lang='lat'><strong>--</strong></span> <span class='ocrx_word' id='word_1_136' title='bbox 2433 2363 2459 2417; x_wconf 85' lang='lat'><strong>5</strong></span> <span class='ocrx_word' id='word_1_137' title='bbox 2487 2354 2717 2404; x_wconf 86' lang='lat' dir='ltr'><strong>Cassata.</strong></span> 
     </span>
     <span class='ocr_line' id='line_1_24' title="bbox 477 2436 2717 2502; baseline 0.001 -17"><span class='ocrx_word' id='word_1_138' title='bbox 477 2465 545 2473; x_wconf 91' lang='lat'><strong>--</strong></span> <span class='ocrx_word' id='word_1_139' title='bbox 582 2437 612 2485; x_wconf 92' lang='lat'><strong>6</strong></span> <span class='ocrx_word' id='word_1_140' title='bbox 646 2437 858 2488; x_wconf 88' lang='lat' dir='ltr'><strong>loetum.</strong></span> <span class='ocrx_word' id='word_1_141' title='bbox 895 2465 962 2473; x_wconf 87' lang='lat'><strong>-—</strong></span> <span class='ocrx_word' id='word_1_142' title='bbox 999 2450 1029 2502; x_wconf 94' lang='lat'><strong><em>7</em></strong></span> <span class='ocrx_word' id='word_1_143' title='bbox 1065 2438 1291 2487; x_wconf 87' lang='lat' dir='ltr'><strong>arduam.</strong></span> <span class='ocrx_word' id='word_1_144' title='bbox 1336 2465 1403 2472; x_wconf 89' lang='lat'>-</span> <span class='ocrx_word' id='word_1_145' title='bbox 1440 2449 1471 2498; x_wconf 91' lang='lat'>9</span> <span class='ocrx_word' id='word_1_146' title='bbox 1497 2436 1734 2486; x_wconf 89' lang='lat' dir='ltr'><strong>sublima.</strong></span> <span class='ocrx_word' id='word_1_147' title='bbox 1774 2464 1842 2475; x_wconf 94' lang='lat'>—</span> <span class='ocrx_word' id='word_1_148' title='bbox 1883 2448 1945 2486; x_wconf 90' lang='lat'><strong>10</strong></span> <span class='ocrx_word' id='word_1_149' title='bbox 1979 2444 2237 2487; x_wconf 87' lang='lat' dir='ltr'><strong>steterant.</strong></span> <span class='ocrx_word' id='word_1_150' title='bbox 2273 2467 2341 2474; x_wconf 92' lang='lat'>—</span> <span class='ocrx_word' id='word_1_151' title='bbox 2381 2450 2435 2487; x_wconf 90' lang='lat'><strong>11</strong></span> <span class='ocrx_word' id='word_1_152' title='bbox 2477 2440 2717 2488; x_wconf 81' lang='lat' dir='ltr'><strong>tenende.</strong></span> 
     </span>
     <span class='ocr_line' id='line_1_25' title="bbox 477 2522 1067 2584; baseline 0.005 -14"><span class='ocrx_word' id='word_1_153' title='bbox 477 2551 546 2559; x_wconf 90' lang='lat'><strong>—-</strong></span> <span class='ocrx_word' id='word_1_154' title='bbox 586 2535 646 2571; x_wconf 88' lang='lat'><strong>12</strong></span> <span class='ocrx_word' id='word_1_155' title='bbox 682 2523 828 2584; x_wconf 87' lang='lat' dir='ltr'><strong>uanis</strong></span> <span class='ocrx_word' id='word_1_156' title='bbox 865 2522 1067 2573; x_wconf 83' lang='lat' dir='ltr'><strong>tumidi.</strong></span> 
     </span>
    </p>

    <p class='ocr_par' dir='ltr' id='par_1_7' title="bbox 477 2605 2720 2843">
     <span class='ocr_line' id='line_1_26' title="bbox 648 2605 2717 2673; baseline 0.001 -17"><span class='ocrx_word' id='word_1_157' title='bbox 648 2609 728 2656; x_wconf 93' lang='lat' dir='ltr'><strong>De</strong></span> <span class='ocrx_word' id='word_1_158' title='bbox 786 2623 840 2656; x_wconf 91' lang='lat' dir='ltr'><strong>re</strong></span> <span class='ocrx_word' id='word_1_159' title='bbox 885 2607 1095 2657; x_wconf 89' lang='lat' dir='ltr'><strong>metrica</strong></span> <span class='ocrx_word' id='word_1_160' title='bbox 1154 2606 1308 2656; x_wconf 88' lang='lat' dir='ltr'><strong>huius</strong></span> <span class='ocrx_word' id='word_1_161' title='bbox 1355 2605 1594 2656; x_wconf 86' lang='lat' dir='ltr'><strong>carminis</strong></span> <span class='ocrx_word' id='word_1_162' title='bbox 1645 2606 1773 2656; x_wconf 87' lang='lat' dir='ltr'><strong>haec</strong></span> <span class='ocrx_word' id='word_1_163' title='bbox 1828 2607 2067 2660; x_wconf 86' lang='lat' dir='ltr'><strong>addenda</strong></span> <span class='ocrx_word' id='word_1_164' title='bbox 2120 2616 2263 2657; x_wconf 84' lang='lat' dir='ltr'><strong>sunt:</strong></span> <span class='ocrx_word' id='word_1_165' title='bbox 2318 2609 2541 2669; x_wconf 77' lang='lat' dir='ltr'><strong>Mettum</strong></span> <span class='ocrx_word' id='word_1_166' title='bbox 2594 2608 2717 2673; x_wconf 88' lang='lat' dir='ltr'><strong>pha-</strong></span> 
     </span>
     <span class='ocr_line' id='line_1_27' title="bbox 477 2692 2720 2759; baseline 0.001 -18"><span class='ocrx_word' id='word_1_167' title='bbox 477 2693 693 2742; x_wconf 86' lang='lat' dir='ltr'><strong>laecium</strong></span> <span class='ocrx_word' id='word_1_168' title='bbox 737 2693 974 2742; x_wconf 87' lang='lat' dir='ltr'><strong>omnibus</strong></span> <span class='ocrx_word' id='word_1_169' title='bbox 1021 2692 1340 2759; x_wconf 88' lang='lat' dir='ltr'><strong>temporibus</strong></span> <span class='ocrx_word' id='word_1_170' title='bbox 1387 2707 1550 2756; x_wconf 88' lang='lat' dir='ltr'><strong>usque</strong></span> <span class='ocrx_word' id='word_1_171' title='bbox 1596 2693 1662 2741; x_wconf 88' lang='lat' dir='ltr'><strong>ad</strong></span> <span class='ocrx_word' id='word_1_172' title='bbox 1704 2693 1931 2741; x_wconf 79' lang='lat' dir='ltr'><strong>medium</strong></span> <span class='ocrx_word' id='word_1_173' title='bbox 1980 2708 2161 2742; x_wconf 85' lang='lat' dir='ltr'><strong>aevum</strong></span> <span class='ocrx_word' id='word_1_174' title='bbox 2197 2701 2463 2759; x_wconf 89' lang='lat' dir='ltr'><strong>acceptum</strong></span> <span class='ocrx_word' id='word_1_175' title='bbox 2500 2701 2632 2752; x_wconf 57' lang='lat' dir='ltr'><strong>eran</strong></span> <span class='ocrx_word' id='word_1_176' title='bbox 2667 2701 2720 2743; x_wconf 85' lang='lat' dir='ltr'><strong>et</strong></span> 
     </span>
     <span class='ocr_line' id='line_1_28' title="bbox 479 2776 1756 2843; baseline 0.002 -18"><span class='ocrx_word' id='word_1_177' title='bbox 479 2776 778 2842; x_wconf 83' lang='lat' dir='ltr'><strong>plerumque</strong></span> <span class='ocrx_word' id='word_1_178' title='bbox 812 2778 867 2826; x_wconf 90' lang='lat' dir='ltr'><strong>in</strong></span> <span class='ocrx_word' id='word_1_179' title='bbox 899 2778 1015 2828; x_wconf 84' lang='lat' dir='ltr'><strong>basi</strong></span> <span class='ocrx_word' id='word_1_180' title='bbox 1051 2778 1313 2841; x_wconf 79' lang='lat' dir='ltr'><strong>spondeus</strong></span> <span class='ocrx_word' id='word_1_181' title='bbox 1347 2783 1625 2843; x_wconf 82' lang='lat' dir='ltr'><strong>usurpatus</strong></span> <span class='ocrx_word' id='word_1_182' title='bbox 1662 2784 1756 2828; x_wconf 83' lang='lat' dir='ltr'><strong>est.</strong></span> 
     </span>
    </p>

    <p class='ocr_par' dir='ltr' id='par_1_8' title="bbox 478 2861 2723 3266">
     <span class='ocr_line' id='line_1_29' title="bbox 649 2861 2721 2929; baseline 0 -18"><span class='ocrx_word' id='word_1_183' title='bbox 649 2864 731 2912; x_wconf 93' lang='lat' dir='ltr'><strong>De</strong></span> <span class='ocrx_word' id='word_1_184' title='bbox 765 2862 979 2928; x_wconf 86' lang='lat' dir='ltr'><strong>rythmis</strong></span> <span class='ocrx_word' id='word_1_185' title='bbox 1013 2870 1183 2913; x_wconf 89' lang='lat' dir='ltr'><strong>autem</strong></span> <span class='ocrx_word' id='word_1_186' title='bbox 1215 2869 1267 2911; x_wconf 91' lang='lat' dir='ltr'><strong>et</strong></span> <span class='ocrx_word' id='word_1_187' title='bbox 1291 2862 1355 2911; x_wconf 88' lang='lat' dir='ltr'><strong>de</strong></span> <span class='ocrx_word' id='word_1_188' title='bbox 1380 2862 1647 2927; x_wconf 86' lang='lat' dir='ltr'><strong>productis</strong></span> <span class='ocrx_word' id='word_1_189' title='bbox 1671 2861 1910 2912; x_wconf 88' lang='lat' dir='ltr'><strong>finalibus</strong></span> <span class='ocrx_word' id='word_1_190' title='bbox 1934 2861 2065 2911; x_wconf 89' lang='lat' dir='ltr'><strong>nihil</strong></span> <span class='ocrx_word' id='word_1_191' title='bbox 2088 2863 2400 2912; x_wconf 88' lang='lat' dir='ltr'><strong>monendum</strong></span> <span class='ocrx_word' id='word_1_192' title='bbox 2424 2870 2518 2922; x_wconf 87' lang='lat' dir='ltr'><strong>est,</strong></span> <span class='ocrx_word' id='word_1_193' title='bbox 2553 2879 2721 2929; x_wconf 88' lang='lat' dir='ltr'><strong>neque</strong></span> 
     </span>
     <span class='ocr_line' id='line_1_30' title="bbox 481 2947 2719 3014; baseline 0.001 -19"><span class='ocrx_word' id='word_1_194' title='bbox 481 2947 547 2995; x_wconf 88' lang='lat' dir='ltr'><strong>de</strong></span> <span class='ocrx_word' id='word_1_195' title='bbox 583 2963 789 2996; x_wconf 88' lang='lat' dir='ltr'><strong>caesura</strong></span> <span class='ocrx_word' id='word_1_196' title='bbox 825 2948 1105 3013; x_wconf 88' lang='lat' dir='ltr'><strong>quidquam</strong></span> <span class='ocrx_word' id='word_1_197' title='bbox 1143 2948 1248 2996; x_wconf 89' lang='lat' dir='ltr'><strong>dici</strong></span> <span class='ocrx_word' id='word_1_198' title='bbox 1283 2954 1470 3013; x_wconf 88' lang='lat' dir='ltr'><strong>potest,</strong></span> <span class='ocrx_word' id='word_1_199' title='bbox 1507 2947 1700 3013; x_wconf 89' lang='lat' dir='ltr'><strong>quippe</strong></span> <span class='ocrx_word' id='word_1_200' title='bbox 1737 2963 1868 3012; x_wconf 90' lang='lat' dir='ltr'><strong>quae</strong></span> <span class='ocrx_word' id='word_1_201' title='bbox 1903 2947 1957 2996; x_wconf 89' lang='lat' dir='ltr'><strong>in</strong></span> <span class='ocrx_word' id='word_1_202' title='bbox 1992 2947 2423 3012; x_wconf 87' lang='lat' dir='ltr'><strong>hendecasyllabo</strong></span> <span class='ocrx_word' id='word_1_203' title='bbox 2453 2948 2719 3014; x_wconf 87' lang='lat' dir='ltr'><strong>phalaecio</strong></span> 
     </span>
     <span class='ocr_line' id='line_1_31' title="bbox 478 3032 2720 3097; baseline 0.001 -17"><span class='ocrx_word' id='word_1_204' title='bbox 478 3032 621 3081; x_wconf 88' lang='lat' dir='ltr'><strong>nulla</strong></span> <span class='ocrx_word' id='word_1_205' title='bbox 678 3040 814 3082; x_wconf 85' lang='lat' dir='ltr'><strong>certa</strong></span> <span class='ocrx_word' id='word_1_206' title='bbox 865 3033 1177 3091; x_wconf 80' lang='lat' dir='ltr'><strong>inveniatur3</strong></span> <span class='ocrx_word' id='word_1_207' title='bbox 1237 3033 1462 3082; x_wconf 85' lang='lat' dir='ltr'><strong>Restant</strong></span> <span class='ocrx_word' id='word_1_208' title='bbox 1505 3032 1775 3091; x_wconf 89' lang='lat' dir='ltr'><strong>elisiones,</strong></span> <span class='ocrx_word' id='word_1_209' title='bbox 1831 3048 2046 3096; x_wconf 87' lang='lat' dir='ltr'><strong>quarum</strong></span> <span class='ocrx_word' id='word_1_210' title='bbox 2090 3048 2191 3080; x_wconf 88' lang='lat' dir='ltr'><strong>una</strong></span> <span class='ocrx_word' id='word_1_211' title='bbox 2244 3034 2412 3082; x_wconf 88' lang='lat' dir='ltr'><strong>minus</strong></span> <span class='ocrx_word' id='word_1_212' title='bbox 2459 3034 2720 3097; x_wconf 87' lang='lat' dir='ltr'><strong>probatur,</strong></span> 
     </span>
     <span class='ocr_line' id='line_1_32' title="bbox 484 3117 2723 3181; baseline 0.002 -18"><span class='ocrx_word' id='word_1_213' title='bbox 484 3118 626 3179; x_wconf 87' lang='lat' dir='ltr'><strong>quod</strong></span> <span class='ocrx_word' id='word_1_214' title='bbox 680 3117 836 3179; x_wconf 86' lang='lat' dir='ltr'><strong>longa</strong></span> <span class='ocrx_word' id='word_1_215' title='bbox 870 3117 1038 3166; x_wconf 86' lang='lat' dir='ltr'><strong>finalis</strong></span> <span class='ocrx_word' id='word_1_216' title='bbox 1073 3118 1128 3166; x_wconf 91' lang='lat' dir='ltr'><strong>in</strong></span> <span class='ocrx_word' id='word_1_217' title='bbox 1185 3118 1284 3166; x_wconf 86' lang='lat' dir='ltr'><strong>arsi</strong></span> <span class='ocrx_word' id='word_1_218' title='bbox 1320 3117 1526 3165; x_wconf 83' lang='lat' dir='ltr'><strong>eliditur</strong></span> <span class='ocrx_word' id='word_1_219' title='bbox 1561 3117 1690 3180; x_wconf 85' lang='lat'>(12);</span> <span class='ocrx_word' id='word_1_220' title='bbox 1749 3122 2011 3181; x_wconf 88' lang='lat' dir='ltr'><strong>praeterea</strong></span> <span class='ocrx_word' id='word_1_221' title='bbox 2049 3117 2181 3165; x_wconf 90' lang='lat' dir='ltr'><strong>duae</strong></span> <span class='ocrx_word' id='word_1_222' title='bbox 2234 3117 2288 3164; x_wconf 91' lang='lat' dir='ltr'><strong>in</strong></span> <span class='ocrx_word' id='word_1_223' title='bbox 2341 3118 2486 3166; x_wconf 87' lang='lat' dir='ltr'><strong>brevi</strong></span> <span class='ocrx_word' id='word_1_224' title='bbox 2520 3125 2723 3167; x_wconf 84' lang='lat' dir='ltr'><strong>exstant</strong></span> 
     </span>
     <span class='ocr_line' id='line_1_33' title="bbox 482 3199 1556 3266; baseline 0.003 -18"><span class='ocrx_word' id='word_1_225' title='bbox 482 3199 641 3250; x_wconf 80' lang='lat' dir='ltr'><strong>altera</strong></span> <span class='ocrx_word' id='word_1_226' title='bbox 675 3200 729 3247; x_wconf 90' lang='lat' dir='ltr'><strong>in</strong></span> <span class='ocrx_word' id='word_1_227' title='bbox 765 3201 866 3249; x_wconf 87' lang='lat' dir='ltr'><strong>arsi</strong></span> <span class='ocrx_word' id='word_1_228' title='bbox 900 3203 987 3263; x_wconf 87' lang='lat'><strong>(3),</strong></span> <span class='ocrx_word' id='word_1_229' title='bbox 1021 3200 1178 3251; x_wconf 85' lang='lat' dir='ltr'><strong>altera</strong></span> <span class='ocrx_word' id='word_1_230' title='bbox 1211 3203 1269 3250; x_wconf 85' lang='lat' dir='ltr'><strong>in</strong></span> <span class='ocrx_word' id='word_1_231' title='bbox 1300 3201 1436 3251; x_wconf 88' lang='lat' dir='ltr'><strong>thesi</strong></span> <span class='ocrx_word' id='word_1_232' title='bbox 1470 3203 1556 3266; x_wconf 87' lang='lat'><strong>(4).</strong></span> 
     </span>
    </p>
   </div>
  </div>
 </body>
</html>
