3142 4809
424 336 498 392 14

418 506 670 566 efficitur
724 508 837 566 iam
893 508 1209 583 utriusque
1270 505 1526 565 familiae
1571 507 1999 583 archetypum,
2059 524 2234 581 quem
2282 507 2432 582 siglo
2478 506 2539 566 Ω
2582 508 2658 567 si-

416 625 687 685 gnamus,
731 609 1088 685 corruptelis
1133 627 1252 669 non
1299 607 1553 667 liberum
1600 607 1801 667 fuisse.

585 711 763 769 Nunc
824 712 874 770 si
933 711 1290 770 revertimur
1336 710 1412 769 ad
1458 727 1560 769 eos
1609 709 1878 787 codices,
1937 727 2089 786 quos
2151 712 2494 771 etiamnunc
2556 712 2657 772 ha-

417 813 652 889 bemus,
697 814 1036 872 accuratius
1083 811 1157 872 de
1203 811 1586 883 differentiis,
1643 831 1799 889 quae
1860 813 2017 871 inter
2079 813 2342 873 eiusdem
2396 813 2657 875 familiae

418 915 598 974 libros
642 914 1029 974 intercedunt
1068 913 1480 975 disserendum
1513 919 1631 974 est:
1678 915 1733 972 P
1775 918 1833 973 et
1881 913 1934 970 V
1965 916 2047 973 ita
2074 915 2229 975 inter
2260 933 2323 975 se
2356 914 2658 987 differunt,

418 1021 484 1076 ut
531 1017 586 1073 P
625 1017 855 1093 antiqui
901 1017 1171 1077 tenacior
1216 1016 1292 1076 sit
1335 1020 1394 1076 et
1437 1017 1495 1075 in
1544 1017 1615 1076 iis
1659 1016 1832 1093 locis,
1891 1034 2044 1093 quos
2105 1018 2300 1076 minus
2351 1017 2659 1089 intellexit,

413 1117 745 1178 litterarum
822 1118 1041 1179 ductus
1115 1103 1469 1196 exemplaris
1529 1117 1978 1178 accuratissime
2034 1122 2323 1195 sequatur
2390 1120 2659 1195 quamvis

415 1221 716 1281 sententia
760 1226 1034 1281 carentes
1078 1219 1174 1294 (cf.
1222 1221 1299 1281 ad
1348 1220 1638 1298 quodam:
1685 1222 1861 1280 inscr.
1905 1250 1989 1261 —-—
2033 1213 2089 1280 ir.
2134 1225 2200 1282 8:
2246 1227 2529 1298 supestas
2572 1252 2657 1261 -—

417 1341 472 1382 v.
520 1327 623 1383 13:
667 1324 933 1383 abstrum
976 1355 1063 1364 —
1105 1342 1160 1382 v.
1195 1328 1299 1384 15:
1346 1342 1539 1383 saram
1584 1354 1670 1363 —
1714 1342 1769 1383 v.
1820 1326 1922 1384 18:
1967 1321 2322 1395 fulmencis)‚
2373 1323 2421 1381 V
2458 1328 2658 1383 autem

414 1425 598 1485 verba
642 1444 760 1485 non
805 1427 1109 1486 intellecta
1151 1427 1213 1484 in
1261 1425 1500 1502 cognita
1544 1429 1606 1485 et
1650 1425 1789 1485 trita
1833 1428 2035 1497 mutet,
2082 1423 2179 1496 (cf.
2221 1425 2298 1484 ad
2328 1424 2660 1502 quendam:

413 1529 586 1587 inser.
615 1557 702 1569 -
730 1547 784 1587 v.
817 1531 884 1589 8:
930 1531 1284 1605 superextas
1315 1558 1395 1568 -
1427 1546 1483 1587 v.
1520 1531 1625 1587 13:
1656 1525 1859 1599 astra),
1906 1545 2039 1586 cum
2071 1527 2189 1587 alia
2220 1527 2409 1587 errori
2455 1526 2659 1587 deberi

416 1628 514 1703 (cf.
547 1634 608 1689 3:
641 1631 859 1706 poterit
887 1631 1207 1707 quisquam
1252 1661 1337 1669 —-
1379 1634 1446 1689 4:
1492 1631 1741 1690 effectus
1785 1659 1870 1670 -—-
1916 1633 1979 1689 63
2009 1629 2152 1705 iuga
2196 1659 2280 1668 -—
2329 1632 2433 1690 15:
2464 1627 2658 1709 alter),

415 1732 534 1791 alia
576 1732 665 1791 ad·
699 1732 998 1792 libidinem
1045 1733 1351 1792 immutata
1396 1730 1460 1804 (v
1504 1736 1574 1792 63
1628 1733 1908 1792 intremat
1970 1735 2028 1792 et
2089 1732 2324 1802 sistant)
2383 1749 2512 1791 esse
2572 1731 2657 1789 vi-

416 1834 688 1894 deantur.

585 1937 865 1997 Similiter
920 1954 1017 1996 res
1077 1955 1142 1996 se
1202 1938 1380 1996 habet
1438 1937 1498 1996 in
1559 1936 1781 1996 familia
1835 1933 1920 1995 ²15:
1966 1936 2016 1994 S
2054 1935 2183 1995 veri
2226 1940 2407 1995 tenax
2452 1936 2550 1995 vel
2595 1937 2655 1995 in

415 2038 692 2099 absurdis
738 2037 817 2111 (v.
867 2044 975 2101 13:
1036 2039 1232 2099 abstui
1276 2070 1360 2078 -—·
1409 2041 1519 2101 25:
1564 2036 1851 2115 iubente),
1894 2069 1977 2077 —
2023 2056 2159 2098 nam
2210 2041 2320 2097 183
2363 2038 2657 2098 flumineis

415 2146 475 2202 et
518 2146 628 2202 223
673 2146 885 2201 nature
931 2143 1075 2201 meri
1122 2160 1359 2202 errores
1404 2146 1557 2204 sunt.
1602 2171 1687 2181 -—
1717 2141 1787 2201 In
1834 2140 1891 2199 R
1936 2144 2132 2200 autem
2181 2157 2300 2200 non
2348 2140 2535 2200 solum
2581 2159 2656 2199 ex

415 2245 761 2304 coniectura
790 2244 977 2303 multa
1009 2247 1236 2322 mutata
1262 2242 1646 2321 (Inscriptum
1671 2243 2002 2321 praefixum
2034 2246 2124 2302 est
2154 2271 2238 2284 —-—
2263 2246 2326 2302 63
2355 2242 2660 2302 intremuit

415 2347 631 2407 sistunt
659 2351 881 2408 -3133
927 2350 1197 2406 austrum
1243 2375 1328 2386 —-
1377 2350 1481 2407 19:
1527 2349 1846 2405 coruscant
1883 2375 1967 2385 —-
1999 2350 2107 2407 323
2139 2344 2301 2422 quod
2346 2363 2458 2421 per
2501 2342 2657 2416 cita),

415 2449 522 2509 sed
569 2450 741 2509 etiam
788 2448 1084 2508 nonnulla
1129 2449 1204 2508 ad
1251 2449 1561 2524 exemplar
1605 2448 1845 2526 'generis
1890 2447 1980 2523 Χ,
2023 2447 2201 2524 'quod
2247 2447 2517 2523 proxime
2563 2465 2657 2506 ac-

416 2552 593 2612 cessit
637 2551 713 2610 ad
759 2550 1021 2611 codicem
1083 2549 1145 2627 V,
1189 2554 1461 2610 correcta
1491 2554 1632 2610 sunt
1661 2548 1741 2624 (v.
1773 2548 1842 2608 4:
1873 2551 2088 2610 effectu
2119 2578 2203 2588 —-
2236 2553 2341 2610 17:
2372 2548 2546 2608 simul
2574 2576 2658 2587 --

418 2658 526 2715 25:
569 2651 893 2725 iuventus).
982 2653 1259 2714 Ceterum
1306 2671 1425 2712 non
1472 2653 1528 2711 B
1570 2654 1699 2731 ipse
1744 2655 2044 2713 correctus
2090 2653 2208 2729 est,
2251 2648 2356 2710 sed
2402 2651 2454 2710 is
2498 2648 2660 2709 unde

413 2757 603 2833 fluxu,
648 2774 782 2815 nam
829 2774 882 2814 v.
927 2757 992 2813 4:
1039 2756 1254 2815 effectu
1300 2785 1387 2795 -·
1432 2759 1539 2815 113
1585 2756 1746 2815 facta
1790 2783 1871 2793 -
1922 2756 2022 2815 15:
2073 2756 2132 2812 te
2174 2752 2224 2812 si
2268 2781 2352 2792 --
2399 2739 2516 2813 1823
2548 2752 2660 2812 ful-

415 2859 645 2918 mineus
689 2887 776 2897 —
819 2858 900 2917 25
948 2861 1008 2917 et
1052 2861 1165 2918 283
1226 2862 1482 2934 angusto
1543 2885 1628 2897 -—
1690 2861 1804 2919 30:
1865 2858 2083 2917 lacuna
2142 2885 2224 2895 —-
2282 2855 2661 2932 neglegentia

416 2961 774 3020 correctoris
819 2958 1210 3019 dissimillima
1254 2964 1386 3019 orta
1431 2965 1586 3020 sunt.

583 3064 798 3138 Itaque
845 3062 894 3121 si
939 3080 1073 3122 eum
1127 3064 1420 3139 codicem,
1484 3062 1644 3122 unde
1703 3078 1895 3137 genus
1941 3060 2002 3118 R
2043 3063 2380 3121 correctum
2443 3062 2535 3118 est
2585 3054 2661 3135 Φ,

415 3184 548 3226 eum
595 3168 822 3242 autem,
879 3165 983 3241 qui
1029 3169 1339 3226 correctus
1385 3170 1476 3226 est
1520 3165 1583 3223 F
1616 3164 2028 3242 appellamus,
2087 3162 2202 3222 hoc
2243 3160 2370 3222 fere
2415 3164 2664 3221 stemma

419 3268 734 3328 habemus:

1197 3564 1282 3721 ²<
1800 3632 1944 3720 Α

1708 3840 1759 3845 Ι

1042 3747 1155 4093 ‚tv—14&

1302 3749 1386 4329 1—-1——1—-1—1s

1393 3802 1447 3855 e

1658 3918 1762 3973 fo
1664 3799 1710 3850 κ

1725 3729 1814 3955 *N

1925 3726 2103 4210 ζ-ι--ι-ΜΙ

1414 4277 1464 4333 *2
