3142 4809
492 319 567 378 16

738 494 869 552 Nec
915 510 1159 552 numero
1207 494 1520 571 quisquam
1569 494 1793 571 poterit
1837 512 2095 570 pensare
2141 514 2250 555 nee
2295 514 2463 566 aevo,

735 595 914 653 Nunc
958 598 1087 654 esto
1133 595 1367 673 affatus»,
1411 596 1460 655 si
1506 615 1629 672 quo
1674 599 1734 655 te
1780 596 2021 656 nomine
2067 595 2311 673 dignum
2357 601 2464 667 est,

652 700 689 756 5
737 696 869 769 Quo
915 714 1083 755 sacer
1123 697 1330 773 ignoto
1373 696 1620 776 gaudee,
1665 716 1785 774 quo
1831 698 2084 757 maxima
2126 697 2306 758 tellus

735 798 1007 857 Intremit
1046 802 1111 868 ,et
1154 800 1370 859 sistunt
1413 799 1657 877 rapidos
1701 819 1858 877 vaga
1902 799 2102 860 sidera
2146 818 2372 860 cursus.

652 974 682 1025 3
717 963 910 1029 poterit
943 963 1211 1028 quisquam
1265 965 1318 1013 V.
1363 992 1431 1001 —
1465 979 1498 1027 4
1535 964 1723 1014 effectu
1760 967 1826 1014 R.
1866 964 2077 1014 effectus
2131 966 2185 1015 V.
2221 994 2290 1001 --
2326 975 2352 1028 5
2392 965 2534 1031 quod
2565 965 2722 1014 maxi·

478 1064 562 1097 ma
597 1049 745 1097 PRS
760 1049 814 1097 V.
851 1076 918 1085 -
963 1049 995 1096 6
1029 1049 1298 1098 Intremuit
1335 1050 1522 1099 sistunt
1557 1052 1624 1100 R.
1673 1051 1919 1100 Intremat
1952 1057 2004 1100 et
2049 1052 2232 1100 sistant
2290 1053 2345 1100 V.
2392 1052 2514 1114 iuga
2565 1052 2618 1099 V.

1799 1156 2517 1163 —————-—-——.—-——
2526 1157 2720 1163 ———-

546 1217 711 1284 pheus
757 1218 879 1267 fecit
927 1225 978 1268 et
1029 1221 1241 1284 Moyses
1299 1228 1350 1269 et
1395 1221 1579 1270 Esaias
1626 1229 1678 1271 et
1719 1220 1802 1270 his
1851 1220 2093 1271 simileS.“
2175 1221 2382 1284 Quibus
2430 1220 2722 1270 Lobeckius

547 1303 836 1369 (Aglaoph.
871 1321 924 1369 p.
965 1314 1061 1369 597
1099 1306 1197 1370 sq.)
1244 1306 1373 1355 haec
1422 1307 1593 1355 addit:
1654 1307 1863 1366 „Verba
1909 1307 2180 1372 postremis
2214 1307 2446 1371 proxima
2480 1306 2724 1355 mendose

547 1389 739 1455 scripta
781 1397 926 1449 sunt,
978 1390 1070 1439 sed
1118 1392 1370 1442 sententia
1406 1392 1590 1441 claret:
1651 1392 1835 1451 „unius
1871 1392 1957 1440 dei
1993 1392 2204 1440 effectus
2238 1390 2404 1439 varios
2438 1406 2534 1455 pro
2569 1392 2722 1439 variis

547 1475 743 1523 censeri
777 1475 1106 1525 numinibus“
1143 1477 1416 1537 <Macrobii
1452 1477 1609 1525 verba
1645 1484 1779 1526 sunt.
1818 1477 1925 1524 Sat.
1961 1477 2002 1534 Ι,
2045 1488 2121 1537 17,
2146 1477 2197 1537 4)
2232 1474 2424 1538 illaque
2458 1474 2721 1523 nominum

547 1560 836 1608 divinorum
870 1560 1200 1609 multitudine
1237 1577 1352 1610 cum
1388 1562 1453 1608 ab
1490 1560 1632 1620 aliis,
1667 1568 1774 1609 tum
1811 1560 1876 1608 ab
1912 1559 2125 1624 Orpheo
2161 1560 2243 1621 (cs.
2280 1558 2414 1608 Lob.
2450 1558 2719 1624 Aglaoph-

545 1661 597 1709 p.
621 1655 749 1706 44o;
786 1660 838 1708 p.
872 1645 990 1706 486)
1025 1644 1339 1708 multiplices
1373 1645 1555 1693 summi
1590 1644 1813 1696 numinis
1849 1644 2063 1694 virtutes
2100 1643 2382 1696 declaratas
2417 1650 2580 1694 esse.“

648 1736 873 1790 semper.-
917 1730 984 1777 ad
1020 1735 1246 1787 ,‚unum“
1283 1729 1630 1778 revocandum
1665 1736 1743 1778 est
1753 1746 1766 1787 ;
1813 1745 1929 1778 nam
1966 1729 2205 1779 adiectivi
2239 1730 2399 1778 instar
2434 1744 2550 1778 cum
2586 1730 2717 1788 „vir-

545 1814 775 1862 tutibus“
811 1813 1146 1863 coniunctum
1181 1814 1264 1876 (cf.
1288 1815 1408 1864 Ter.
1431 1814 1602 1863 Andr.
1636 1815 1681 1873 Ι,
1708 1826 1754 1873 2,
1780 1829 1837 1877 4:
1873 1813 1986 1863 heri
2022 1830 2218 1881 semper
2254 1814 2464 1873 lenitas3
2499 1814 2718 1877 Anthol.

544 1899 656 1947 Lat.
697 1910 812 1962 251,
850 1910 906 1947 2:
944 1915 1143 1965 semper
1176 1900 1362 1964 pudor)
1396 1899 1564 1950 minus
1602 1915 1719 1948 cum
1755 1900 2008 1949 sententia
2044 1900 2298 1949 convenit.

647 1986 898 2033 millenis:
954 1985 1021 2034 cf.
1066 1984 1183 2033 Gai.
1229 1984 1392 2035 instit.
1430 1996 1478 2043 2,
1515 1994 1644 2047 2255
1699 1985 1863 2035 Prisc.
1900 1986 1966 2034 de
2002 1985 2087 2048 fig.
2124 2001 2263 2035 num.
2300 2001 2345 2036 e.
2384 1986 2416 2033 6
2450 1982 2478 2053 ξ
2515 1996 2580 2048 24
2616 1984 2718 2046 (ed.

543 2068 691 2132 Keil)
713 2069 933 2118 Anthol.
951 2071 1068 2118 Lat.
1106 2085 1151 2119 c.
1172 2070 1290 2132 483,
1308 2079 1363 2131 5:
1401 2070 1612 2122 milleno
1647 2069 1827 2119 milite.
1890 2070 2168 2119 Numerale
2205 2070 2589 2119 distributivum
2624 2085 2720 2135 pro

545 2155 793 2204 cardinali
828 2156 932 2205 fere
970 2155 1262 2215 adhibetur,
1300 2156 1391 2205 ubi
1425 2156 1614 2205 multae
1650 2171 1731 2205 res
1756 2156 1822 2204 ad
1845 2171 2000 2204 unam
2023 2155 2316 2205 referendae
2343 2163 2477 2205 sunt.
2528 2156 2592 2205 cs.
2619 2155 2716 2203 Ov,

545 2241 672 2289 Met.
708 2241 792 2299 X,
831 2252 895 2288 22
910 2259 922 2298 ;
977 2242 1137 2306 Prop.
1173 2242 1278 2300 IV,
1317 2252 1399 2300 22,
1442 2241 1530 2299 165
1585 2241 1685 2291 Ov.
1734 2241 1848 2290 fast.
1913 2252 1960 2304 5,
2004 2252 2126 2304 1053
2174 2240 2319 2291 alios.
2392 2241 2571 2305 Atque
2616 2238 2718 2287 hoc

546 2326 752 2389 quidem
788 2325 906 2375 loco
941 2327 1056 2391 ipsa
1090 2342 1190 2375 vox
1227 2331 1425 2385 „unus“
1462 2326 1711 2392 sequitur.

479 2421 526 2472 3.
564 2411 629 2459 cf.
664 2411 838 2459 Lutat.
874 2411 910 2460 l.
949 2428 993 2461 c.
1047 2411 1220 2464 Huius
1267 2412 1353 2461 dei
1401 2427 1587 2461 nomen
1635 2412 1752 2461 sciri
1787 2428 1894 2462 non
1929 2419 2102 2477 potest
2137 2437 2206 2448 —
2242 2410 2402 2461 Cuius
2435 2426 2529 2460 nec
2567 2408 2718 2458 aesti-

544 2495 672 2543 mari
706 2503 881 2560 potest
914 2496 1114 2556 moduS,
1152 2512 1246 2545 nec
1280 2495 1472 2545 finibus
1508 2495 1628 2559 (fine
1664 2497 1770 2546 vis:
1806 2497 2004 2559 Barth.)
2041 2496 2230 2546 claudi.

476 2595 525 2643 4.
565 2580 827 2630 Sententia
866 2581 994 2632 haec
1037 2588 1137 2630 est:
1185 2582 1341 2630 Nunc
1384 2589 1496 2631 esto
1539 2581 1740 2642 affatus,
1794 2581 1839 2631 si
1879 2582 2106 2644 (omnino
2148 2581 2259 2643 ali-)
2284 2596 2387 2645 quo
2428 2587 2479 2629 te
2512 2579 2717 2627 nomine

545 2665 828 2731 (appellari)
865 2665 1077 2728 dignum
1112 2673 1217 2725 est,
1256 2668 1338 2728 (eo
1371 2667 1614 2730 nomine,)
1660 2682 1763 2731 quo
1801 2683 1943 2717 sacer
1976 2668 2156 2729 ignoto
2192 2666 2403 2730 gaudes,

647 2752 877 2816 affatus:
934 2751 1135 2815 passive
1180 2752 1406 2816 positum
1442 2753 1506 2802 cf.
1544 2751 1706 2818 Apul.
1744 2754 1872 2802 Met.
1908 2753 2017 2811 XI,
2059 2764 2147 2814 19:
2202 2751 2395 2800 Affatis
2447 2751 2621 2815 itaque
2659 2766 2719 2798 ex

544 2835 721 2884 officio
759 2836 992 2898 singulis.
1036 2865 1090 2872 -
1134 2836 1264 2885 Cum
1298 2837 1476 2902 imper.
1514 2838 1636 2902 perf.
1675 2853 1811 2901 pass,
1850 2839 1915 2888 cf.
1954 2837 2052 2887 Ov.
2089 2837 2247 2887 Trist.
2284 2838 2381 2895 IV,
2420 2837 2467 2895 8,
2506 2845 2593 2898 51:
2642 2835 2720 2883 At

544 2937 637 2970 vos
661 2921 910 2969 admoniti
933 2922 1123 2970 nostris
1148 2937 1355 2986 quoque
1380 2922 1585 2972 casibus
1610 2929 1747 2981 este;
1785 2924 1996 2973 Sueton.
2025 2923 2173 2974 Caes.
2191 2933 2280 2986 33:
2308 2922 2442 2971 iacta
2460 2921 2572 2969 alea
2590 2927 2717 2969 esto.

477 3016 524 3068 5.
561 3007 706 3054 Haec
745 3006 809 3054 de
847 3006 932 3055 dei
965 3007 1146 3070 ignoto
1182 3008 1389 3058 nomine
1426 3008 1695 3067 sententia,
1733 3023 2039 3073 quamquam
2077 3015 2213 3056 certe
2238 3006 2495 3055 Platonici
2520 3003 2720 3069 aliquid

541 3090 723 3150 habet,
773 3099 942 3140 tamen
975 3091 1076 3140 hoc
1113 3092 1269 3140 modo
1305 3094 1520 3143 formata
1554 3109 1661 3142 non
1697 3093 1764 3143 ad
1799 3093 2071 3144 Platonem
2106 3093 2277 3157 ipsum
2292 3128 2304 3149 ,
2342 3091 2434 3140 sed
2449 3126 2462 3149 ,
2496 3099 2555 3139 ut
2590 3089 2717 3152 Qui-

545 3176 783 3226 cheratus
819 3184 957 3226 recte
993 3177 1143 3236 fecit,
1191 3178 1258 3226 ad
1292 3179 1578 3243 Apuleium
1613 3179 1878 3227 referenda
1912 3186 2014 3236 est,
2063 3178 2153 3242 qui
2188 3185 2361 3243 aperte
2398 3175 2632 3226 Platonis
2666 3175 2722 3223 in

543 3261 757 3310 Timaeo
805 3263 875 3326 (p.
903 3262 968 3310 28
997 3261 1075 3324 C.)
1125 3263 1281 3311 verba
1317 3264 1422 3313 suis
1460 3264 1601 3312 auxit
1634 3262 1735 3313 hoc
1770 3264 1915 3314 loco:
1968 3262 2168 3325 „Quem
2205 3263 2415 3326 quidem
2449 3261 2720 3310 caelestem

542 3347 841 3411 pronuntiat
888 3348 1082 3411 (Plato)
1127 3348 1403 3408 indictum,
1457 3348 1881 3397 innominabilem
1926 3356 2004 3406 et,
2058 3355 2117 3396 ut
2161 3348 2232 3394 ait
2275 3347 2386 3409 ipse
2401 3380 2413 3403 ,
2467 3335 2718 3410 ἄρρητον

544 3421 1025 3497 ἀκατονόμαστον
1061 3432 1269 3495 <Quich.
1296 3434 1496 3498 scrips.)
1512 3469 1526 3491 ,
1565 3434 1711 3481 cuius
1745 3440 1978 3482 naturam
2011 3430 2239 3479 invenire
2276 3427 2485 3477 difficile
2522 3433 2625 3484 est;
2674 3426 2719 3474 si

542 3516 751 3567 inventa
794 3517 885 3576 sit,
939 3518 994 3566 in
1037 3516 1227 3566 multos
1275 3533 1387 3566 eam
1434 3516 1686 3568 enuntiari
1731 3530 1837 3564 non
1883 3530 2054 3579 posse.
2125 3512 2360 3562 Platonis
2399 3513 2528 3562 ,haec
2563 3512 2721 3561 verba

544 3609 686 3651 sunt:
750 3594 898 3653 Θεὸν
944 3590 1135 3668 εὑρεῖν
1178 3615 1245 3652 τε
1291 3592 1492 3669 ἔργον,
1545 3589 1793 3667 εὑρόντα
1841 3594 1902 3652 δὲ
1942 3591 2024 3659 εἰς
2059 3590 2312 3660 πολλοὺς
2349 3589 2624 3665 ἐκφέρειν
2660 3588 2719 3648 α’-

546 3679 807 3739 δύνατον.
858 3688 922 3735 de
971 3687 1141 3749 dogm.
1192 3685 1325 3735 Plat.
1362 3687 1404 3745 I,
1440 3697 1491 3747 ¹3.
1539 3713 1608 3721 —
1654 3685 1879 3748 (Leviter
1923 3685 2238 3749 tangendum
2285 3691 2389 3743 est,
2437 3683 2723 3749 Apuleium

542 3788 647 3821 non
693 3773 820 3838 ipsis
857 3772 1090 3822 Platonis
1136 3771 1305 3820 verbis
1353 3787 1501 3820 usum
1548 3774 1697 3834 esse.)
1750 3800 1814 3807 —
1860 3771 1942 3819 De
1991 3770 2090 3822 diis
2138 3770 2330 3834 ignotis
2377 3770 2442 3819 cf.
2490 3769 2720 3819 Lobeck.

541 3858 806 3923 Aglaoph.
843 3859 869 3906 Ι
904 3865 956 3924 p.
996 3869 1093 3924 599
1131 3874 1207 3922 sq.
1254 3864 1306 3906 et
1341 3857 1459 3908 vide
1494 3857 1644 3906 locos
1680 3857 1745 3908 acl
1781 3872 1830 3907 V.
1870 3861 1900 3905 2
1934 3856 2192 3908 laudatos.

643 3959 744 4007 quo
780 3946 1011 3993 maxima
1046 3946 1200 3991 tellus
1232 3946 1496 3994 intremit:
1545 3944 1722 4009 (quom
1765 3942 1899 3992 coni.
1925 3941 2207 4005 Baehrens)
2244 3941 2309 3990 cf.
2337 3942 2527 4005 Hymn.
2555 3940 2718 4005 Orph.

543 4028 706 4086 XIX,
749 4039 807 4091 13
869 4020 937 4079 ὃν
990 4023 1089 4080 καὶ
1137 4031 1275 4095 γαῖα
1322 4020 1638 4096 πέφρικεν;
1699 4029 1825 4078 Stat.
1874 4026 2042 4075 Theb.
2089 4027 2199 4085 XI,
2236 4026 2302 4078 66
2352 4042 2455 4090 quo
2492 4026 2717 4089 (nomine

544 4113 835 4175 Megaerae)
871 4113 1105 4177 protinus
1142 4114 1307 4162 omnis
1342 4114 1560 4162 Horruit
1595 4113 1773 4162 audito
1810 4112 1962 4164 tellus
1998 4119 2293 4177 pontusque
2329 4111 2601 4176 polusque.

477 4198 524 4247 6.
567 4196 696 4245 Cum
733 4197 871 4245 exitu
906 4198 1069 4246 nostri
1105 4214 1280 4247 versus
1316 4200 1379 4247 cf.
1417 4198 1626 4248 Auson.
1664 4198 1818 4262 Idyll.
1861 4197 1937 4254 18,
1981 4197 2065 4245 16:
2128 4198 2332 4245 Rursus
2366 4196 2424 4244 in¹
2457 4196 2723 4260 antiquum

543 4283 752 4331 veniant
786 4298 917 4346 vaga
952 4283 1121 4331 sidera
1156 4300 1376 4334 cursum.
