3142 4809
421 320 499 379 10

423 492 784 570 plicaturum
829 491 1032 564 fuisse,
1078 494 1190 553 nisi
1232 498 1482 554 metrum
1529 495 1817 571 epistolae
1862 495 1940 555 ad
1985 493 2299 556 Fedolium
2344 494 2668 555 obstitisset

432 595 622 663 (velut
668 614 722 654 v.
752 599 792 655 4
838 594 937 653 vix
982 594 1369 672 neglexisset,
1427 598 1478 656 si
1521 616 1739 657 nomen
1769 597 2167 674 Proserpinae
2198 596 2453 658 Adoniis
2493 617 2663 676 asyn-
2780 595 2794 604 “

427 699 631 758 artetis
676 696 1109 757 accommodari
1152 699 1512 779 potuissem„

599 798 767 871 Quae
827 802 1060 860 restant
1114 800 1511 861 Columbanus
1569 801 1790 879 partim
1852 800 2031 878 quod.
2074 800 2321 861 consilio
2380 800 2667 879 epistolae

426 921 520 962 vv.
570 904 848 964 29-36
915 903 1186 979 exposito
1232 921 1352 963 non
1396 908 1541 980 apta
1585 907 1812 981 essent,
1871 903 2088 980 partim
2143 902 2303 980 quod
2357 903 2668 963 sublimior

427 1006 695 1065 locorum
741 1003 1119 1081 quorundam
1165 1003 1346 1065 dictio
1392 1005 1681 1082 epistolae
1701 1006 1954 1092 ⁴‚leniore
2000 1005 2285 1066 orationis
2329 1008 2524 1066 tractu
2568 1005 2665 1065 de-

427 1107 687 1168 currenti
734 1107 929 1166 minus
977 1108 1389 1184 convenirent,
1432 1108 1774 1186 neglexisse
1819 1107 1960 1167 mihi
2001 1107 2256 1168 videtur.

602 1209 900 1287 Deinceps
929 1210 1256 1288 videamus,
1285 1228 1440 1287 quae
1470 1210 1630 1285 apud
1662 1210 2089 1271 columbanum
2120 1215 2180 1271 et
2210 1210 2669 1271 declamatorem

428 1312 527 1372 vel
572 1312 902 1371 sententiae
946 1311 1046 1371 vel
1088 1312 1276 1372 verba
1321 1313 1656 1373 concinant.

444 1438 543 1493 Vs.
847 1439 1257 1524 columbanus:
1558 1426 1563 1512 Ι
1621 1442 1722 1497 Vs.
2035 1442 2412 1496 Declamator:

436 1571 515 1630 26
536 1535 642 1628 ᾖξ’,
684 1536 854 1627 velut
894 1535 1356 1643 ignisffia—mma
1400 1588 1498 1646 pe·
1611 1573 1731 1632 193
1778 1569 1968 1632 Omne
1993 1534 2325 1646 paratas—*In
2349 1568 2581 1629 facinus
2596 1566 2673 1642 ¹⁰)

561 1671 714 1729 rurit
738 1670 1018 1746 Improba
1049 1669 1250 1729 corda.
1308 1668 1501 1748 Saepe
1777 1675 2009 1732 mentes
2066 1671 2370 1732 hominum
2426 1690 2672 1732 succen-

563 1770 829 1830 nefanda
852 1770 1114 1832 Crimina
1133 1771 1331 1832 multis
1351 1769 1500 1849 Sug·
1778 1773 1907 1834 dier
1951 1791 2116 1835 autc.

561 1873 718 1950 gerit
760 1874 890 1933 auri
935 1875 1086 1933 Dira
1129 1873 1363 1951 cupido.
1450 1877 1501 1934 E
1612 1881 1731 1939 198
1780 1875 2072 1937 Volumus
2114 1876 2164 1936 si
2193 1877 2394 1936 visere
2428 1874 2675 1952 priscos,

563 1974 778 2053 quibus
809 1975 923 2035 ista
951 1979 1128 2037 Nunc
1172 1977 1280 2037 tibi
1310 1996 1504 2054 pauca
1780 1979 1995 2053 Dicite,
2037 1977 2203 2055 quod
2248 1978 2480 2037 facinus
2521 1996 2673 2037 com-

561 2077 860 2155 Tempore
920 2081 1119 2157 prisco
1179 2080 1361 2140 Gesta
1412 2098 1501 2140 re·
1781 2082 2023 2141 missum
2070 2100 2189 2142 non
2235 2081 2313 2140 sit
2341 2080 2417 2141 ob
2448 2097 2672 2139 aurum.

561 2185 774 2241 texam.

1613 2292 1736 2350 203
1782 2288 1916 2346 Hoc
1945 2284 2160 2345 Medea
2189 2303 2367 2362 maga
2404 2241 2511 2360 est,
2555 2300 2675 2343 ser·

1783 2406 1935 2467 pens
1978 2387 2150 2464 vigil,
2197 2388 2338 2447 exul
2382 2388 2560 2445 Iason
2604 2426 2620 2442 .
2663 2428 2678 2444 .

1992 2533 2009 2549 .
2067 2488 2398 2564 naufragus
2470 2487 2681 2547 Helles

439 2288 516 2345 37
565 2282 811 2343 Exstitit
869 2285 1083 2362 ingens
1137 2285 1332 2346 Causa
1383 2304 1502 2345 ma-

563 2387 754 2446 lorum
801 2388 1004 2448 Aurea
1048 2388 1235 2464 pellis.

1808 2594 1924 2653 sic!
1951 2635 1968 2651 .

1619 2699 1743 2759 220
1784 2588 2160 2770 (Gaugamque
2207 2694 2510 2753 malorum.

1620 2803 1739 2860 143
1785 2795 2148 2856 Hincfacilis
2165 2795 2685 2855 causa-malorum.

1622 2905 1746 2963 200
1790 2901 1997 2959 Danae
2043 2897 2441 2976 corrumpitur
2484 2914 2647 2955 auro.

445 2904 523 2959 52
572 2899 810 2974 Fasque
873 2898 1140 2977 fidesque
1200 2902 1512 2976 Rumpitur

569 3020 732 3061 auro.

449 3109 530 3165 53
578 3104 767 3182 Impia
827 3107 1049 3183 quippe
1102 3106 1513 3184 Pygmalionis

1625 3110 1744 3167 211
1794 3104 1969 3179 Quod
2019 3102 2247 3163 Punica
2289 3101 2460 3177 virgo
2498 3098 2687 3159 Amis-

575 3208 758 3283 Regis
818 3208 893 3268 ob
938 3228 1147 3269 aurum
1195 3210 1380 3271 Gesta
1437 3209 1515 3269 le·
1794 3225 1922 3266 sum
1968 3205 2235 3282 plangit,
2294 3203 2486 3280 Tyria
2529 3200 2686 3260 dam-

573 3313 813 3386 guntur·
1794 3307 2030 3369 naudus
2097 3308 2156 3365 in
2226 3305 2366 3364 aula
2433 3306 2687 3378 Pygma-

1790 3411 1910 3469 lion
1988 3423 2162 3466 caeso
2245 3402 2407 3480 quod
2488 3400 2690 3479 perdit

452 3518 533 3574 60
579 3513 816 3574 Fraude
861 3517 1100 3576 necavit
1116 3514 1196 3589 (P)
1794 3507 2006 3569 fraude
2053 3505 2319 3567 Sichaeo.

450 3622 529 3678 62
576 3616 782 3678 Perdit
824 3618 900 3679 ob
953 3636 1182 3678 aurum.
1626 3617 1748 3676 199
1794 3609 2167 3673 commissum
2254 3625 2377 3667 non
2459 3607 2536 3666 sit
2616 3605 2693 3665 ob

1792 3731 2022 3774 aurum.

453 3825 534 3883 70
579 3824 1006 3900 Amphiaraum
1053 3820 1326 3883 Prodidit
1371 3838 1518 3879 auro
1626 3823 1750 3881 202
1796 3815 2082 3876 Proditur
2097 3811 2695 3890 Amphiarausatque

581 3925 820 3986 Perfida
895 3927 1131 3986 coniux.
1245 3923 1522 3984 Hectoris
1797 3922 2023 3981 Hector
2067 3913 2347 3976 venditur
2389 3931 2553 3972 auro.

583 4028 760 4088 heros
793 4028 1077 4088 Vendidit
1113 4045 1261 4088 auro
1291 4027 1525 4103 Corpus

583 4130 867 4189 Achilles.

451 4247 561 4255 nro-.-

631 4311 687 4375 ιο)
724 4310 853 4360 Stat.
891 4309 1058 4359 Theb.
1095 4311 1162 4371 11,
1201 4311 1299 4375 387
1337 4325 1487 4359 omne
1526 4315 1738 4375 paratus
1772 4309 1836 4357 In
1875 4305 2092 4356 facinus.
