3142 4809
425 320 511 383 m

565 498 644 557 15
689 496 816 555 Has
858 513 969 571 per
1013 496 1253 555 umbras
1298 496 1491 556 omnis
1535 497 1664 557 ales
1707 496 1843 573 plus
1887 515 2112 558 canora
2154 515 2332 575 quam
2377 501 2554 574 putes

684 597 968 659 Cantibus
1011 597 1216 657 vernis
1260 598 1569 674 strepebat
1611 601 1672 658 et
1715 599 1977 658 susurris
2022 599 2324 675 dulcibus3

688 699 802 757 Hic
847 699 1149 775 loquentis
1195 717 1461 760 murmur
1504 701 1695 759 amnis
1741 701 2095 761 concinebat
2137 700 2465 773 frondibus

684 801 831 874 Quis
877 802 1064 860 melos
1107 801 1334 861 vocalis
1379 819 1560 861 aurae
1606 820 1777 861 musa
1820 801 2070 880 zephyri
2115 806 2395 863 moverat.

686 901 784 963 Sic
828 907 1067 964 euntem
1111 921 1222 981 per
1266 905 1492 963 virecta
1534 904 1787 979 pulchra
1830 903 2017 964 odora
2060 907 2118 964 et
2162 905 2386 964 musica

560 1009 643 1068 20
689 1006 831 1066 Ales
876 1007 1066 1067 amnis
1108 1024 1258 1066 aura
1301 1006 1472 1066 lucus
1515 1006 1626 1066 flos
1671 1010 1732 1066 et
1777 1007 1988 1066 umbra
2031 1006 2280 1066 iuverat.

604 1165 660 1218 15
701 1168 883 1203 canora
920 1169 1073 1219 quam
1108 1160 1282 1220 potest
1316 1140 1441 1219 (ᾗ).
1495 1182 1564 1191 -—
1622 1165 1683 1217 17
1736 1154 1894 1204 Hinc.
1944 1182 2012 1192 --
2051 1154 2112 1203 18
2148 1153 2291 1218 Quas
2325 1182 2394 1192 ——
2429 1154 2567 1204 zefri.
2602 1181 2671 1192 —

435 1251 497 1300 19
519 1239 615 1305 pui
638 1246 794 1290 recta.
830 1267 899 1275 —
934 1250 1000 1288 20
1023 1238 1149 1288 Alis
1184 1268 1250 1275 -—
1285 1239 1450 1288 unbra
1484 1239 1702 1290 uiuerat.

946 1345 2390 1353 —fflffl—fflmm

597 1392 717 1441 Hoc
774 1407 1011 1441 versuum
1065 1392 1244 1441 ordine
1297 1392 1469 1441 omnia
1513 1392 1648 1441 bene
1697 1408 1750 1441 se
1796 1391 2017 1441 habent:
2082 1408 2200 1441 nam
2244 1392 2462 1457 primum
2508 1399 2671 1441 totum

496 1480 711 1541 (nemus)
747 1478 972 1543 ponitur,
1010 1478 1152 1542 quod
1187 1485 1471 1542 sequuntur
1506 1485 1677 1543 partes
1712 1477 1899 1540 (rivuli,
1934 1480 2124 1540 antra),
2162 1493 2292 1542 quae
2327 1477 2498 1527 omnia
2532 1492 2669 1526 com-

497 1562 882 1628 prehenduntur
916 1563 1112 1612 verbis:
1151 1562 1277 1622 „has
1311 1579 1403 1629 per
1438 1564 1698 1613 umbras“.

436 1658 493 1711 15
521 1651 651 1711 plus
686 1663 780 1713 pro
819 1649 1051 1711 „magis“
1087 1649 1341 1715 positum;
1397 1650 1460 1699 cf.
1497 1650 1707 1700 Nemes,
1744 1649 1839 1699 ecl.
1876 1664 1926 1712 4,
1964 1660 2056 1713 72:
2090 1648 2208 1714 plus
2242 1649 2509 1698 formosus.

437 1746 497 1795 19
530 1740 582 1782 et
625 1732 875 1798 particula
921 1733 975 1782 in
1023 1733 1202 1784 ultima
1247 1742 1392 1800 parte
1439 1735 1836 1784 enumerationis
1882 1735 2053 1800 posita
2097 1734 2349 1784 rarissime
2400 1733 2672 1783 invenitur.

601 1817 747 1881 Quae
785 1818 937 1868 tacite
975 1819 1242 1869 emendata
1278 1827 1395 1869 sunt
1430 1819 1732 1869 Baehrensii
1766 1819 1901 1868 libro
1940 1820 2123 1869 debeo,

602 2236 901 2313 Deinceps
930 2235 1357 2313 quaerentibus
1387 2235 1577 2314 nobie,
1618 2238 1686 2295 ut
1724 2239 1853 2295 erat
1880 2236 2272 2312 propositum,
2304 2253 2445 2293 num
2476 2233 2676 2294 omnia

434 2339 582 2398 haec
643 2339 907 2398 carmina
950 2338 1268 2419 Tiberiano
1328 2337 1649 2398 tribuenda
1708 2338 1852 2414 sint,
1911 2338 2009 2397 via
2061 2338 2232 2413 quasi
2291 2337 2422 2413 ipsa
2466 2354 2530 2396 re
2575 2334 2675 2395 de-

436 2443 831 2500 monstratur:
910 2459 1148 2501 carmen
1222 2440 1379 2501 enim
1460 2438 1607 2499 illud
1672 2441 1925 2517 primum
1992 2458 2027 2497 a
2089 2439 2259 2500 nobis
2339 2443 2679 2515 tractatum,

432 2560 796 2619 quamquam
842 2544 901 2601 in
948 2542 1154 2602 codice
1199 2542 1506 2603 Tiberiani
1553 2561 1771 2603 nomen
1821 2560 1941 2602 non
1985 2560 2133 2619 prae
2178 2559 2242 2601 se
2286 2540 2432 2612 fert,
2476 2546 2676 2601 tamen

435 2646 564 2705 sine
608 2646 733 2704 ulla
779 2645 1146 2705 dubitatione
1191 2674 1275 2684 -—
1319 2648 1386 2704 ut
1415 2645 1817 2705 Baehrensius
1860 2647 2024 2704 recte
2061 2643 2296 2720 judicat
2336 2671 2425 2685 -
2466 2643 2521 2703 ei
2551 2643 2677 2701 vin-

436 2747 753 2807 dicandum
801 2750 917 2818 est,
982 2766 1113 2806 cum
1161 2745 1403 2807 Servius
1448 2747 1874 2824 grammaticus
1916 2777 2003 2787 -—
2046 2746 2248 2825 gravis
2292 2745 2392 2805 ille
2437 2744 2677 2822 quidem

436 2854 644 2910 auctor
671 2880 758 2890 --
785 2848 863 2909 ad
903 2851 1082 2927 Verg.
1120 2851 1271 2910 Aen.
1310 2850 1411 2926 IV,
1445 2854 1564 2912 136
1611 2867 1851 2909 versum
1895 2848 2072 2909 huius
2119 2850 2396 2909 carminis
2442 2848 2676 2908 tertium

436 2952 743 3014 Tiberiani
789 2950 1024 3012 nomine
1072 2951 1278 3012 addito
1327 2952 1547 3011 laudet.
1648 2952 1858 3028 Itaque
1904 2951 2074 3011 nobis
2120 2952 2259 3011 hinc
2303 2950 2679 3027 proficiscen-

436 3055 594 3115 tibus
639 3055 816 3115 huius
863 3055 1140 3114 carminis
1186 3055 1641 3131 grammaticae,
1686 3053 2047 3130 rhetoricae,
2091 3054 2372 3113 metricae
2415 3053 2681 3111 rationes

438 3175 571 3219 cum
620 3161 952 3217 ceterorum
1003 3158 1063 3217 in
1110 3157 1619 3234 comparationem
1649 3154 1959 3216 vocandae
1991 3163 2150 3215 sunt.
2236 3156 2452 3232 Neque
2481 3158 2680 3214 tamen

437 3261 633 3322 omnia
686 3260 787 3319 illa
844 3262 1109 3320 carmina
1170 3258 1376 3319 eadem
1438 3258 1665 3319 trutina
1709 3257 2021 3336 pensanda
2065 3260 2236 3317 sunt:
2291 3276 2425 3316 nam
2485 3258 2547 3315 in
2590 3255 2679 3323 iis,

438 3381 596 3441 quae
637 3364 700 3423 in
745 3360 917 3421 codd.
972 3378 1108 3422 mss.
1169 3362 1283 3421 sub
1331 3359 1573 3422 nomine
1616 3361 1921 3422 Tiberiani
1964 3358 2256 3427 feruntur,
2302 3357 2415 3415 nisi
2457 3356 2680 3422 insunt,

438 3484 596 3544 quae
642 3465 813 3524 nimis
857 3483 894 3524 a
939 3465 1262 3525 Tiberiano
1308 3465 1675 3524 abhorreant
1693 3507 1707 3533 ,
1768 3478 1950 3521 eausa
2009 3476 2131 3518 non
2192 3461 2311 3529 est,
2371 3473 2479 3516 cur
2522 3453 2680 3515 codi-
2714 3484 2721 3490 ·

440 3567 606 3629 cibus
664 3566 1007 3626 diffidamus
1066 3597 1151 3606 -
1212 3569 1424 3627 contra
1468 3564 1557 3642 id,
1602 3564 1762 3640 quod
1810 3560 2046 3621 nomine
2091 3562 2258 3619 caret
2302 3557 2404 3633 (de
2448 3556 2685 3619 avicula

348 3685 357 3689 ‘
438 3670 512 3734 cf.
558 3690 615 3748 p.
663 3673 748 3732 30
791 3668 928 3729 adn.
981 3668 1103 3747 1¹7),
1146 3669 1469 3731 Tiberiano
1529 3685 1651 3726 non
1708 3662 2135 3724 vindicandum
2198 3666 2313 3741 est,
2373 3661 2485 3723 nisi
2538 3660 2683 3720 satis

440 3772 755 3833 manifesto
801 3791 935 3833 cum
981 3771 1109 3833 eius
1155 3770 1402 3850 propria
1448 3771 1668 3829 natura
1711 3771 1771 3828 et
1814 3766 2015 3827 indole
2061 3766 2336 3827 concinit.

611 3877 721 3935 His
764 3876 1107 3954 praemissis
1152 3873 1229 3933 ad
1274 3892 1397 3932 rem
1445 3872 1635 3948 ipsam
1667 3869 2108 3949 aggrediamur.
2165 3868 2365 3946 Atque
2404 3884 2478 3927 ex
2508 3865 2688 3925 rebus

440 3979 858 4055 grammaticis,
892 3977 1174 4037 carminis
1218 3974 1393 4054 primi
1439 3976 1554 4035 hae
1602 3974 1945 4034 inferiorem
1977 3971 2364 4032 Latinitatem
2395 3966 2689 4029 indicant:

440 4100 494 4140 v.
546 4084 655 4141 10:
700 4082 811 4140 sub
858 4098 978 4157 quo
1025 4078 1274 4139 custode
1321 4078 1526 4155 pericli
1577 4073 1959 4136 commendas
2003 4078 2239 4151 natum3
2284 4091 2339 4131 v.
2388 4075 2493 4132 18:
2536 4086 2689 4146 quos

443 4201 652 4243 aurum
717 4180 902 4241 servit
960 4182 1019 4241 in
1066 4198 1242 4251 usus;
1305 4200 1361 4239 v.
1409 4182 1514 4242 19:
1559 4178 1873 4253 venditur3
1931 4194 1991 4234 v.
2037 4179 2141 4237 28:
2199 4173 2372 4233 famis
2416 4172 2692 4248 (antiqua

443 4285 753 4344 affectasse
805 4281 1146 4341 Latinitatis
1191 4282 1446 4341 labentis
1492 4280 1729 4340 macula
1771 4276 1904 4350 est).
