3142 4809
1414 1317 1824 1385 VITA.

670 1544 1108 1604 Raimundus
1191 1546 1452 1606 Victor
1525 1546 1963 1606 Guilielmus
2037 1546 2448 1606 Alexander
2521 1548 2741 1607 Fran·

501 1647 741 1707 ciscus
784 1645 1053 1708 Oehler
1111 1650 1287 1706 natus
1344 1664 1475 1706 sum
1520 1647 1692 1707 Halis
1738 1646 2041 1706 Saxonum
2088 1667 2139 1706 a.
2172 1648 2228 1707 d.
2258 1649 2326 1707 X.
2359 1648 2483 1708 Gal.
2524 1649 2659 1707 Jun.
2689 1668 2741 1707 a..

501 1747 876 1809 MDOOOLII
921 1751 1093 1823 patre
1138 1749 1565 1817 Francisco‚
1613 1749 1896 1825 magistro
1942 1750 2002 1808 iu
2050 1749 2254 1809 schola
2283 1751 2737 1826 Latina,⁴quem

499 1857 639 1911 ante
695 1851 803 1909 hos
847 1849 1132 1910 tredecim
1180 1868 1371 1911 annos
1415 1850 1490 1911 de
1537 1850 1662 1908 vita
1708 1850 2034 1912 decessisse
2078 1851 2286 1928 luge0,
2345 1857 2531 1911 matre
2577 1852 2741 1911 Ale-

497 1952 856 2013 xandrina
901 1970 934 2011 e
981 1955 1158 2028 gente
1202 1952 1618 2031 Sussmann,
1662 1972 1782 2030 qua
1826 1954 2146 2028 superstite
2189 1952 2442 2028 gaudeo,
2533 1953 2741 2014 Fidem

495 2055 782 2134 profiteor
842 2056 1266 2132 evangelicam.
1354 2056 1719 2115 Litterarum
1781 2056 2091 2116 elementis
2149 2055 2410 2114 imbutus
2471 2056 2607 2115 inde
2666 2056 2740 2115 ab

494 2176 652 2218 anno
741 2156 1141 2217 MDGOOLXI
1228 2157 1608 2233 fr0quentavi
1697 2157 1957 2217 scholam
2047 2158 2323 2215 Latinam
2400 2157 2741 2217 Halensem.

498 2260 856 2320 Maturitatis
933 2258 1271 2319 testimonio
1339 2260 1667 2319 instructus
1746 2259 1994 2335 primam
2085 2257 2204 2318 adii
2289 2259 2737 2318 universitatem

498 2364 827 2423 litterarum
876 2361 1223 2439 Halensem,
1285 2361 1501 2421 deinde
1547 2361 2020 2437 Gottingensem‚
2079 2360 2240 2420 unde
2301 2378 2510 2420 rursus
2555 2361 2741 2421 Halas

497 2463 735 2524 reverti.
822 2461 1050 2523 Scholis
1081 2462 1320 2523 interfui
1350 2464 1616 2522 virorum
1658 2463 2005 2523 illustrium:
2055 2462 2508 2541 Bernhardy,
2551 2448 2742 2547 Keil,

495 2568 795 2642 Zacher,
855 2567 1184 2642 Kramer,
1242 2561 1557 2642 Sauppe,
1606 2566 2098 2641 Wachsmuth,
2156 2568 2248 2625 W.
2283 2564 2565 2641 Miiller,
2620 2565 2737 2624 Ul-

495 2667 657 2746 rici,
688 2667 994 2743 Grosche,
1023 2669 1278 2744 Haym,
1307 2668 1849 2743 Rosenberger,
1880 2668 2132 2741 Heine,
2164 2665 2441 2743 Ewald,
2471 2668 2741 2742 Hense,

494 2770 848 2831 Tschisch
864 2768 1045 2828 witz.
1143 2767 1378 2828 Sodalis
1449 2769 1534 2828 fui
1607 2786 1715 2844 per
1760 2786 1979 2827 annum
2035 2769 2335 2828 seminarii
2378 2768 2741 2844 philologici,

496 2872 657 2950 quod
717 2869 1230 2945 Bernhardyus
1304 2873 1364 2928 et
1420 2869 1706 2929 Keilius
1770 2868 2262 2945 moderabantur,
2331 2869 2744 2947 paedagogici,

496 2976 592 3035 cui
650 2976 930 3050 praeerat
972 2972 1382 3032 Kramerus.
1468 2973 1791 3032 Praeterea
1850 2972 2106 3047 benigne
2153 2970 2441 3032 Keilius
2502 2977 2568 3031 ut
2611 2974 2741 3050 phi-

494 3076 817 3153 lologieae,
877 3075 1237 3135 Zacherus
1298 3079 1363 3134 ut
1420 3074 1765 3135 theodiscae
1825 3075 2128 3134 societatis
2186 3074 2487 3150 particeps
2549 3092 2736 3135 essem

492 3178 911 3256 permiserunt.
1000 3192 1265 3265 Quorum
1314 3177 1573 3237 omnium
1620 3178 1883 3237 virorum
1928 3176 2086 3253 piam
2118 3180 2471 3252 gratamque
2504 3194 2738 3252 semper

494 3281 828 3341 memoriam
897 3280 1199 3356 retinebo,
1273 3297 1466 3354 neque
1537 3280 1732 3338 minus
1794 3279 1862 3337 A.
1907 3278 2139 3338 Riesii
2203 3276 2735 3349 Francofurtensis,

492 3386 595 3461 qui
649 3385 708 3442 in
764 3383 875 3442 hac
921 3382 1338 3442 dissertatione
1384 3379 1816 3441 conscribenda
1875 3398 1967 3438 me
2026 3385 2085 3440 et
2143 3380 2389 3438 consilio
2453 3381 2512 3435 et
2567 3375 2731 3434 libris

493 3486 750 3562 benigne
794 3484 1036 3544 adiuvit.
