3142 4809
2646 359 2682 419 3

444 532 621 591 trium
683 550 819 592 mss,
874 533 1163 592 varietate
1224 531 1516 609 subjecta,
1582 535 1676 592 cui
1740 532 1993 594 duorum
2065 533 2339 593 codicum
2400 532 2686 591 lectiones

445 636 514 693 E.
559 635 961 694 Baehrensius
980 631 1026 703 ⁸)
1073 651 1182 693 sua
1227 634 1505 693 carminis
1551 635 1961 713 recognitione
2004 634 2252 694 addidit.

617 735 881 812 Quibu8‚
927 739 992 795 ut
1034 735 1120 795 ita
1164 735 1386 813 dicam,
1431 735 1702 796 frustulis
1747 737 1815 795 E.
1861 737 2265 798 Baehrensius
2310 732 2543 795 duobus
2579 734 2688 801 ,ab-

447 839 587 897 hinc
631 839 806 898 annis
850 838 966 898 tria
1010 839 1274 897 carmina
1301 837 1526 898 inedita
1554 856 1629 898 ex
1661 836 1869 899 codice
1900 837 2224 899 Harleiano
2257 839 2422 899 3685
2452 836 2688 897 adiecit.

449 943 538 1000 De
593 941 682 1001 his
737 944 1022 1017 quattuor
1083 939 1441 1000 carminibus
1503 941 1658 1001 hanc
1728 940 2206 1003 dissertationem
2266 938 2688 1003 instituendam

447 1043 701 1120 suscepi.
800 1045 1001 1119 Atque
1059 1041 1316 1117 primum
1371 1041 1611 1118 quidem
1673 1043 1912 1120 singula
1957 1043 2222 1104 carmina
2265 1041 2689 1104 commentario

447 1147 507 1203 et
576 1145 781 1203 critico
842 1148 902 1203 et
960 1144 1271 1220 exegetico
1333 1144 1645 1206 illustrabo
1706 1144 1976 1208 subiecta
2049 1144 2546 1210 commentatione
2613 1140 2690 1203 de

450 1245 704 1322 duobus,
748 1264 903 1322 quae
946 1247 1136 1326 prima
1179 1242 1498 1308 tractanda
1541 1245 1686 1308 mihi
1731 1248 2020 1323 proposui
2052 1247 2428 1317 carminibus,
2475 1245 2690 1306 deinde

451 1349 711 1407 omnium
758 1347 1088 1407 rationibus
1130 1348 1554 1427 grammaticis,
1598 1348 1927 1420 rhetoricis,
1973 1350 2230 1409 metricis
2276 1347 2562 1425 expositis
2606 1348 2691 1407 in-

450 1449 701 1526 quiram,
747 1468 886 1508 num
919 1449 1134 1525 omnia,
1177 1468 1335 1526 quae
1363 1449 1671 1509 Tiberiani
1719 1469 1934 1511 nomen
1966 1469 2111 1529 prae
2147 1468 2211 1510 se
2243 1450 2462 1527 ferunt,
2500 1447 2692 1509 eidem

450 1553 663 1629 poetae
706 1550 1072 1610 vindicanda
1102 1550 1237 1630 sint,
1282 1554 1342 1611 et
1383 1553 1431 1611 si
1476 1553 1652 1612 unius
1682 1556 1842 1629 sunt,
1888 1572 2027 1612 num
2068 1571 2266 1612 rerum
2304 1553 2691 1612 tractatarum

453 1656 513 1712 et
554 1652 782 1716 formae
825 1653 1058 1713 ratione
1102 1653 1302 1713 habita
1343 1654 1710 1730 temporibus
1741 1654 2051 1715 Tiberiani
2094 1655 2193 1716 vel
2236 1654 2437 1730 potius
2471 1652 2694 1716 nomini

451 1755 755 1814 Tiberiani
801 1754 1134 1815 addicenda
1178 1756 1315 1814 sint.

620 1856 820 1933 Atque
851 1856 1108 1934 primum
1139 1856 1379 1933 quidem
1411 1875 1670 1935 carmen,
1715 1876 2077 1935 quamquam
2110 1876 2222 1918 nec
2251 1877 2318 1918 re
2350 1876 2463 1918 nec
2503 1856 2696 1917 forma

454 1959 537 2018 ita
558 1962 827 2036 praestat
843 1955 911 2035 ⁹),
939 1963 1139 2018 tamen
1172 1960 1596 2020 commentario
1628 1978 1747 2019 non
1778 1961 1957 2038 plane
1988 1957 2297 2038 indignum
2330 1963 2441 2038 est,
2470 1961 2694 2039 quippe

457 2060 619 2139 quod
665 2079 850 2122 uuum
897 2079 972 2120 ex
1016 2061 1111 2133 iis,
1158 2079 1315 2137 quae
1360 2062 1472 2122 sub
1517 2062 1826 2122 Tiberiani
1881 2063 2119 2122 nomine
2164 2062 2442 2124 feruntur
2483 2062 2696 2122 carmi-

455 2163 631 2223 nibus
692 2167 853 2223 certe
906 2162 1223 2224 Tiberiano
1276 2164 1658 2224 tribuendum
1712 2163 1820 2237 sit,
1883 2183 2017 2224 cum
2081 2161 2326 2225 Servius
2379 2164 2457 2224 ad
2516 2166 2697 2241 Verg.

456 2267 606 2326 Aen.
637 2266 735 2337 VI,
786 2270 904 2328 136
950 2264 1051 2339 (cf.
1095 2265 1208 2343 frg.
1237 2262 1292 2338 1)
1335 2267 1579 2326 tertium
1627 2284 1865 2327 versum
1910 2267 2114 2327 laudet
2156 2265 2361 2327 addito
2389 2266 2697 2326 Tiberiani

459 2369 721 2440 nomine,
768 2373 834 2427 ut
877 2367 1228 2445 habeamus,
1290 2367 1450 2428 unde
1506 2367 1958 2446 proficiscentes
2006 2365 2340 2429 diiudicare
2384 2369 2698 2445 possimus,

456 2469 597 2530 num
643 2472 844 2530 cetera
888 2471 1156 2529 carmina
1198 2469 1516 2531 Tiberiano
1562 2470 1887 2532 tribuenda
1935 2471 2069 2531 sint.

628 2652 667 2714 ⁸)
702 2651 738 2700 1.
776 2667 820 2701 c.
857 2668 910 2717 p.
947 2651 1012 2701 28
1051 2668 1129 2717 sq.

629 2738 667 2800 ⁹)
702 2738 839 2785 Nam
883 2736 947 2785 de
993 2753 1116 2786 auro
1153 2737 1274 2786 satis
1308 2736 1459 2786 multi
1493 2744 1679 2803 poetae
1716 2739 1782 2788 ab
1816 2738 2047 2802 Augusti
2083 2739 2403 2804 temporibus
2439 2753 2601 2804 usque
2637 2738 2703 2787 ad

461 2822 686 2870 medium
721 2837 902 2870 aevum
937 2822 1201 2887 scripsere,
1235 2807 1404 2888 neque
1441 2824 1673 2890 exempla
1708 2831 1796 2873 aut
1830 2824 1986 2872 verba
2021 2824 2185 2873 nostri
2222 2824 2459 2873 carminis
2489 2824 2705 2873 multum

462 2907 754 2971 discrepant
788 2907 853 2956 ab
887 2907 990 2956 illis
1027 2924 1166 2957 more
1203 2924 1262 2957 ac
1286 2909 1655 2958 consuetudine
1680 2909 1886 2973 poetica
1909 2909 2060 2958 tritis.
2114 2909 2295 2974 Atque
2319 2908 2472 2958 huius
2487 2909 2704 2974 quidem

461 2992 535 3041 rei
569 2993 624 3040 in
660 2993 1027 3042 commentario
1064 2994 1281 3058 singulis
1313 2993 1445 3043 locis
1480 2995 1674 3050 mentio
1715 2993 1820 3045 fiet.
